1883 2394
164 108 199 135 16

165 190 265 218 scholii
287 190 444 219 Herodiani
468 190 650 218 accomodata
673 189 778 226 suntv)
802 194 830 218 et
854 191 966 219 schol.*
990 192 1110 226 signato,
1141 189 1187 217 ubi
1212 190 1251 217 ὅτι
1271 190 1402 225 ἐνηλλάγη
1424 191 1440 225 ἡ
1460 192 1561 220 πτῶσις
1581 189 1653 217 male
1673 198 1719 216 ex-

164 240 290 273 cerptum
309 236 419 264 videtur
439 245 473 264 ex
491 235 663 272 Aristonico,
683 237 731 273 qui
751 236 906 273 perfectum
927 236 1039 271 habuit;
1059 235 1094 264 de
1114 236 1167 263 hac
1186 244 1216 263 re
1236 235 1368 271 ἑνολλαγὴ
1388 236 1520 266 πτώσεως
1544 235 1569 263 O
1581 237 1636 263 464
1657 234 1719 262 Pa.

163 285 265 313 πτῶσις
284 283 441 318 ἐνήλλακται
465 285 493 309 et
512 283 681 318 praepositio
706 284 809 310 omissa
829 282 919 319 est⁸⁸)‚
944 282 991 311 ubi
1010 282 1148 318 accipitur
1167 290 1229 317 gen.
1252 290 1303 317 pro
1323 282 1368 309 ἐπί
1386 290 1409 308 c.
1434 290 1493 309 acc.
1516 282 1537 309 Δ
1553 282 1616 314 335,
1636 281 1673 308 Μ
1682 282 1719 308 36

164 328 305 358 Διονύσιος
317 328 334 355 ὃ
347 328 482 358 Σιδώνιος
494 328 543 363 τὴν
555 330 657 355 πτῶσιν
671 328 724 356 οὐκ
741 329 892 364 ἐνήλλαξεν.
922 328 977 357 Sed
990 328 1009 355 Ι
1020 329 1074 355 632
1089 330 1195 363 φονῆος
1210 343 1243 347 -
1258 327 1380 361 ἐδέξατο]
1397 327 1437 354 ὅτι
1452 330 1574 363 παρεῖται
1588 326 1720 362 πρόθεσις

164 374 211 400 καὶ
233 376 334 404 πτῶσις
357 374 514 409 ἔνήλλακται
538 374 595 400 ἀντὶ
618 376 666 400 τοῦ
689 374 735 400 καὶ
758 375 811 409 μέν
829 376 867 405 τίς
890 385 917 401 τε
939 374 1014 408 παρὰ
1034 374 1197 408 κασιγνήτου
1217 374 1327 408 φονέως
1346 372 1545 400 Friedlaender
1564 373 1719 400 necessario

165 419 277 446 seclusit
292 419 415 455 ineptum
428 418 498 446 illud
514 419 561 446 καὶ
579 421 681 449 πτῶσις
700 420 865 455 ἐνήλλακται,
886 419 960 455 quod
974 418 1135 446 Dindorfius
1150 419 1178 445 in
1195 418 1374 445 adnotatione
1389 421 1495 444 tantum
1510 420 1715 451 commemorat,

165 465 244 500 quasi
265 464 317 492 hoc
337 464 557 491 additamentum
578 465 635 492 ullo
656 464 739 492 modo
759 466 848 500 possit
867 464 987 492 defendi.

299 510 430 545 πρόθεσις
449 509 647 546 ἐνήλλακταιω)
668 510 702 537 Η
711 512 765 537 407
788 510 988 546 (ὑποκρίνονται
1005 518 1055 545 pro
1070 508 1188 545 ἀποκρ.),
1209 509 1225 544 ἡ
1245 511 1301 535 τῶν
1321 509 1501 544 ἅναφορικῶν
1520 509 1566 536 καὶ
1586 509 1720 544 ἀορίστων

165 556 295 592 ἐναλλαγὴ
316 556 386 591 πρὸς
405 556 437 583 τὰ
456 556 585 583 πευστικὰ
606 557 730 592 συνήθης
750 556 837 584 schol.
860 556 965 584 K142.

300 610 446 636 ἐναντίον
470 610 647 637 contrarium.
692 609 820 645 Suspecti
844 613 907 637 sunt
929 618 1035 644 versus,
1065 609 1165 644 quibus
1189 609 1358 636 contrarium
1379 609 1489 636 videtur
1509 609 1616 636 narrari
1636 612 1719 644 atque

164 655 226 683 aliis
246 654 323 682 locis.
365 654 417 682 Ar.
435 654 463 681 E
475 655 530 682 838
555 655 714 682 ἀθετοῦνιαι
735 656 818 691 στίχοι
838 655 888 682 δύο
908 655 946 682 ὅτι
966 655 1018 682 οὐκ
1039 655 1181 690 ἀναγκαῖοι
1202 658 1256 681 etc.
1278 655 1326 681 καί
1343 665 1366 681 τι
1386 655 1505 682 ἐναντίον
1524 655 1640 690 ἔχοντες,
1664 653 1715 681 Ar.

166 702 253 728 T407
274 701 405 728 ἀθετεῒται
426 702 466 731 ὡς
485 701 605 736 περιττὸς
625 702 672 729 καὶ
691 703 811 729 ἐναντίον
831 703 903 737 ἔχων
922 701 969 729 ubi
989 705 1052 737 post
1072 702 1119 728 καί
1137 704 1186 728 aut
1201 711 1224 728 τι
1238 704 1286 728 aut
1298 700 1329 728 τὸ
1342 703 1409 737 puto
1424 700 1565 728 excidisse.
1593 699 1719 727 Eandem

164 746 334 782 repugnandi
348 747 490 774 notionem
506 746 591 774 habet
604 748 725 774 ἐναντίον
739 747 807 774 εἷναί
817 758 863 774 τινι
883 747 933 774 Ar.
955 747 982 773 Φ
995 749 1050 773 570
1071 746 1134 774 Por.
1148 747 1169 773 Δ
1184 748 1220 773 43
1241 746 1261 773 Ι
1270 747 1335 773 497.
1370 746 1436 773 Huc
1456 749 1581 781 spectant
1600 747 1719 773 ἐναντίον

163 802 185 819 τι
204 794 289 819 ποιεῖν
302 791 354 819 Ar.
373 791 400 819 Ω
413 793 460 826 45,
480 793 586 820 ἐναντία
599 792 685 827 λέγειν
698 792 763 820 Por.
781 793 805 819 A
821 794 871 825 523
893 791 965 820 conf.
979 792 1173 819 ἐναντιοῦσθαι.
1201 791 1343 819 Usitatum
1360 794 1402 819 est
1415 792 1540 824 ἐναντίον,
1561 799 1623 818 cum
1639 799 1719 818 voca-

163 838 228 866 bulo
248 838 367 866 alterum
388 838 548 874 opponitur,
573 838 648 874 quod
669 839 836 866 contrariam
859 838 973 874 praebet
993 837 1236 873 significationem:
1265 837 1329 866 Por.
1347 836 1372 865 Θ
1387 839 1401 865 1
1427 837 1628 873 κροκόπεπλος]
1655 837 1720 865 ὅταν

163 884 231 910 πολὺ
251 884 366 912 σκότους
386 885 442 918 ἔχῃ,
463 884 555 917 ὀλίγον
575 884 605 910 δὲ
625 884 725 918 φωτός,
759 884 789 910 τὸ
809 884 838 910 δὲ
858 884 1060 917 ῥοδοδάκτυλος
1079 884 1199 910 ἐναντίον
1221 883 1307 916 (conf.
1328 883 1364 909 ad
1380 884 1406 909 A
1423 885 1497 916 477),
1522 883 1607 910 schol,
1626 883 1717 909 W531

163 943 200 948 —
213 929 265 955 ἔστι
285 928 315 955 δὲ
335 929 455 955 ἐναντίον
473 928 504 955 τὸ
524 929 619 964 ἥκιστα
639 931 678 963 τῷ
697 929 817 964 μάλιστα,
839 928 919 955 simil.
938 927 1024 955 schol.
1042 928 1141 963 P204,
1167 931 1194 954 et
1214 927 1265 955 Ar.
1283 927 1314 954 X
1326 929 1378 954 281
1402 928 1440 954 ὅτι
1461 928 1513 954 οὐκ
1532 928 1562 954 ἐν
1581 928 1683 962 ἐπαίνῳ
1704 928 1719 953 ὁ

164 976 295 1010 ἀρτιεπὴς,
315 975 384 1002 κατὰ
404 975 559 1002 τούναντίον
579 978 617 1010 τῷ
638 976 805 1011 ἀμετροεπεῖ.

298 1029 362 1063 Ipse
383 1037 582 1063 nonnunquam
603 1028 745 1055 Homerus
766 1029 934 1055 contrarium
955 1038 969 1055 e
990 1029 1129 1055 contrario
1150 1028 1274 1055 indicare
1295 1028 1483 1062 contenditur,
1511 1029 1641 1055 nimirum
1662 1032 1719 1055 tum

164 1082 226 1101 cum
239 1074 385 1109 negatione
405 1074 483 1101 notio
502 1073 640 1109 quaedam
655 1074 782 1108 negativa
796 1082 849 1100 non
864 1073 954 1100 solum
968 1073 1082 1106 tollitur,
1102 1082 1200 1100 verum
1215 1073 1299 1100 etiam
1313 1073 1481 1100 contrarium
1498 1081 1581 1108 quam
1601 1073 1719 1100 maxime

164 1118 369 1153 affirmata-1⁴⁰).
398 1119 473 1147 conf.
497 1120 681 1154 ἀντικείμενον
705 1122 733 1147 et
752 1120 914 1154 ἀντίφρασις.
954 1119 1004 1147 Ar.
1020 1120 1046 1147 A
1061 1119 1135 1147 281*
1155 1119 1208 1146 οὔκ
1228 1120 1336 1153 ἄκοντε]
1360 1119 1399 1147 ὅτι
1419 1119 1462 1146 διὰ
1482 1121 1531 1146 τοῦ
1550 1119 1670 1147 ἐναντίου
1690 1118 1720 1145 τὸ

163 1166 288 1197 ἐναντίον,
307 1164 360 1191 Ar.
381 1165 406 1192 Ο
421 1165 475 1191 11*
495 1166 529 1191 οὔ
545 1175 593 1199 μιν
614 1164 814 1200 ἀφαυρότατος]
837 1165 876 1191 ὅτι
891 1165 921 1191 τὸ
935 1166 1055 1191 ἐναντίον
1068 1165 1254 1192 ὑπακουστέον
1268 1165 1325 1191 ἀλλ’
1348 1165 1529 1200 ἰσχυρότατος,
1549 1164 1600 1191 Ar.
1619 1164 1654 1190 M
1664 1165 1720 1191 458

163 1210 204 1236 ἵνα
224 1210 262 1245 μή
283 1210 311 1237 οῖ
329 1210 521 1245 ἀφαυρότερον
540 1210 621 1245 βέλος
640 1208 692 1246 εἴη]
712 1224 749 1229 —
769 1210 807 1236 ὅτι
827 1211 858 1237 ἐκ
872 1212 920 1236 τοῦ
933 1210 1054 1236 ἐναντίου
1067 1210 1097 1236 τὸ
1117 1211 1237 1237 ἐναντίον
1258 1211 1435 1245 ἡρμήνευκεν,
1455 1209 1506 1236 Ar.
1523 1208 1548 1236 Ο
1562 1209 1635 1235 155*
1656 1209 1720 1235 οὐδὲ

163 1255 328 1294 ἐχολώσατο]
349 1256 388 1284 ὅτι
407 1256 438 1283 τὸ
458 1257 579 1284 ἐναντίον
599 1256 752 1283 ὑπακοῦσαι
772 1256 818 1289 ὁεῖ,
839 1256 896 1283 ἀλλ’
919 1256 1074 1289 ἀπεδέξατο,
1098 1256 1145 1283 Ar.
1159 1257 1185 1283 A
1202 1257 1256 1283 330
1277 1256 1316 1284 ὅτι
1336 1256 1367 1283 ἐκ
1386 1258 1434 1283 τοῦ
1454 1256 1575 1283 ἐναντίου
1594 1254 1633 1292 τὸμ
1645 1255 1720 1282 ἐναν-

162 1303 227 1328 τίον·
253 1302 305 1329 οὔκ
329 1302 476 1337 ἐγήθησεν,
501 1302 559 1328 ἀλλ’
589 1302 721 1337 ἐλυπήθη.
765 1301 870 1329 Eadem
894 1303 1002 1329 ratione
1025 1302 1206 1329 Aristarchus
1230 1303 1390 1337 explicavit,
1419 1311 1489 1337 quae
1514 1302 1619 1328 ironice
1645 1301 1720 1328 diota

163 1351 225 1374 sunt
244 1347 294 1374 Ar.
307 1348 339 1374 X
350 1350 384 1374 41
412 1348 475 1374 αἴθε
499 1348 587 1375 θεοῖσι
611 1348 690 1382 φίλος
713 1348 840 1374 τοσσόνδε
865 1349 967 1382 γένοιτο
987 1348 1071 1374 ὅσσον
1090 1346 1150 1384 μοι]
1171 1348 1210 1375 ὅτι
1230 1348 1261 1375 ἐκ
1281 1350 1329 1374 τοῦ
1349 1348 1469 1375 ἐναντίου
1489 1347 1519 1374 τὸ
1539 1348 1658 1374 ἐναντίον
1678 1347 1720 1374 δε-

164 1393 294 1428 δήλωκεν,
315 1394 409 1429 itaque
426 1392 476 1421 Ar.
493 1393 513 1420 I
525 1395 559 1420 77
580 1393 618 1423 τίς
632 1394 666 1420 ἂν
678 1393 741 1420 τάδε
755 1391 909 1430 γηθήσειεν]
926 1393 964 1420 ὅτι
977 1394 1235 1429 προςυπακουστέον
1247 1393 1277 1421 τὸ
1291 1393 1337 1420 καὶ
1357 1393 1390 1421 οὔ
1406 1394 1445 1429 μὴ
1466 1393 1570 1429 μᾶλλον
1589 1393 1720 1428 θρηνήσει

163 1439 209 1465 καὶ
232 1439 355 1474 κόψεται,
386 1438 654 1474 subintellegendum
688 1447 746 1465 esse
773 1439 803 1465 τὸ
832 1439 950 1465 ἐναντίον
973 1440 1029 1466 iam
1053 1439 1187 1467 Lehrsius
1210 1439 1280 1467 vidit
1304 1438 1407 1466 Herod.
1427 1449 1456 1475 p.
1475 1441 1532 1466 458
1560 1441 1719 1474 comparato

163 1484 213 1511 Ar.
234 1484 267 1510 N
277 1486 339 1511 344.

299 1530 360 1557 Iam
380 1540 451 1566 quae
472 1531 603 1566 leguntur
623 1530 656 1557 K
667 1532 721 1556 515
744 1530 805 1556 οὐδ’
828 1529 911 1559 ἀλαὸς
931 1529 1057 1567 σκοπιήν]
1078 1531 1117 1558 ὅτι
1138 1531 1203 1566 Ζην.
1224 1532 1323 1566 γράφει
1343 1530 1428 1558 ἀλαὸν
1448 1531 1564 1565 σκοπιήν
1584 1531 1720 1565 integram

163 1575 316 1602 Aristonici
336 1576 543 1604 adnotationem
563 1585 622 1603 esse
643 1585 699 1603 non
718 1584 799 1611 posse
820 1584 900 1602 nemo
921 1584 975 1602 non
996 1576 1078 1603 videt.
1114 1576 1227 1604 Etenim
1247 1576 1421 1604 desideratur
1440 1576 1573 1604 refutatio
1593 1576 1720 1603 lectionis

161 1620 339 1648 Zenodoteae
360 1625 388 1648 et
403 1622 550 1657 explicatio
565 1621 685 1649 Homeri
705 1630 770 1648 usus
791 1620 909 1648 dicendi.
944 1620 1032 1656 Atqui
1048 1622 1077 1649 in
1090 1620 1118 1648 A
1135 1622 1191 1649 illis
1207 1621 1297 1649 verbis
1312 1622 1508 1650 continuantur
1521 1621 1604 1649 haec:
1624 1631 1720 1656 παροι-

160 1666 263 1703 μιακὸν
283 1667 314 1694 δέ
333 1668 408 1700 ἐστιν,
428 1668 461 1695 οὐ
481 1667 583 1703 τυφλὸς
602 1668 630 1697 ἐς
651 1667 776 1700 σκοπιὰς,
804 1666 871 1694 ἀλλὰ
891 1666 1046 1694 τούναντίον
1065 1667 1213 1702 δεδορκώς.
1246 1668 1292 1695 καὶ
1312 1668 1327 1695 ὁ
1347 1668 1460 1703 ποιητὴς
1480 1667 1610 1695 οὐδέποτε
1630 1668 1720 1702 εἴρηκε

161 1714 279 1748 σκοπιὴν
310 1713 372 1743 τοὺς
404 1714 578 1748 ὀφθαλμούς,
612 1722 683 1749 quae
711 1712 913 1740 Friedlaender
944 1722 999 1740 non
1031 1714 1141 1748 recepit.
1189 1713 1230 1741 At
1261 1715 1397 1749 posterior
1428 1723 1492 1749 pars
1523 1714 1619 1750 utique
1648 1713 1721 1748 sapit

160 1758 317 1786 Aristonici
337 1759 457 1785 formam
477 1758 596 1792 dicendi,
620 1758 776 1794 perfectum
797 1759 871 1785 enim
894 1762 922 1785 et
941 1766 1071 1793 praesens
1092 1759 1117 1785 ei
1138 1767 1196 1785 esse
1217 1760 1396 1786 usitatissima
1415 1759 1463 1794 qui
1482 1759 1526 1785 vel
1543 1758 1640 1793 viginti
1661 1759 1720 1784 eius

160 1804 357 1832 adnotationes
376 1804 593 1840 perlustraverit,
618 1805 758 1839 cognitum
780 1803 901 1831 habebit.

297 1850 405 1877 Rursus
432 1850 509 1885 prior
531 1859 595 1885 pars
620 1851 744 1885 quamvis
771 1854 878 1877 mutata
904 1859 938 1877 ex
962 1858 996 1877 eo
1016 1848 1126 1877 fluxisse
1150 1849 1270 1885 videtur,
1299 1851 1347 1886 qui
1371 1859 1420 1877 cur
1441 1849 1493 1877 hoc
1514 1850 1576 1878 loco
1596 1859 1651 1877 non
1672 1849 1719 1877 ad-

298 1964 326 1993 ³⁷)
343 1964 437 1987 Lehrsii
454 1964 541 1993 quaeat.
558 1970 592 1992 ep.
609 1970 632 1992 p.
648 1963 679 1985 90
695 1965 743 1985 not.

299 2003 327 2030 ³⁸)
342 2002 430 2026 Friedl.
446 2002 520 2025 Arist.
537 2010 560 2031 p.
577 2002 614 2024 24.

299 2040 325 2068 ³⁹)
341 2041 435 2063 Lohrsii
451 2040 597 2069 quaestiones
612 2046 646 2068 ep.
663 2047 686 2068 p.
703 2040 738 2061 89.

298 2078 326 2106 ⁴⁰)
343 2078 435 2100 Lem-xii
454 2078 526 2100 Arist.
544 2086 565 2106 p.
584 2079 618 2100 12.
