1883 2394
1707 156 1723 181 7

173 250 258 275 μενον
271 254 308 260 -
327 237 467 276 γυναικός]
487 239 527 265 ὅτι
546 238 656 266 ἐλλείπει
675 239 693 273 ἡ
712 238 780 272 περί,
800 238 853 264 ἔστι
873 237 926 272 γὰρ
944 237 1006 272 περὶ
1025 237 1160 271 γυναικός,
1180 236 1214 263 Π
1224 238 1279 263 222
1300 238 1316 272 ἧ
1333 236 1420 272 διπλῆ,
1440 237 1480 264 ὅτι
1499 238 1609 265 ἐλλείπει
1627 239 1644 273 ἧ
1657 239 1726 273 περί,

174 286 227 312 ἔστι
246 285 306 320 γὰρ,
327 285 392 312 οὐδὲ
410 284 472 319 περὶ
490 286 539 310 τοῦ
558 283 592 310 οὗ
611 283 710 312 παιδὸς
729 283 831 318 ἀμύνει.
869 281 923 309 Ubi
942 281 1010 317 quid
1029 291 1083 309 vox
1102 281 1238 316 significet
1253 281 1387 309 vocabulo
1407 283 1586 317 geuenliotifl
1606 283 1726 310 notionis

174 333 286 358 notatur
298 333 409 366 praeter
421 329 620 357 nominativum
633 327 685 356 Ar.
702 328 736 355 K
746 329 801 355 322
821 328 861 355 ὅτι
872 327 904 355 τὸ
916 327 979 358 τούς
998 327 1051 354 οῦκ
1070 327 1140 354 ἔστιν
1159 327 1273 362 ἄρθρον,
1293 330 1322 354 et
1334 327 1463 354 similiter
1474 327 1527 355 Ar.
1544 327 1571 354 Β
1584 329 1639 355 527
1659 327 1721 355 Nic.

173 376 200 403 Β
218 377 282 411 132,
302 374 430 412 (ἀγείρω)
454 375 569 405 ἐνεστώς
588 375 641 402 ἔστι
661 374 748 402 schol.
770 373 806 401 Π
821 375 887 407 129,
911 373 977 401 εἶναι
997 373 1092 401 δυικόν
1116 371 1167 400 Ar.
1190 373 1217 400 A
1232 374 1286 400 216
1307 372 1392 401 schol.
1412 372 1447 400 Π
1455 374 1524 408 392,
1549 373 1726 409 ὗπερθετικόν

172 421 223 449 Ar.
240 422 261 449 Δ
282 423 336 449 139
366 422 403 449 al.
436 421 521 448 etiam
548 421 688 456 genetivus
712 421 828 448 usitatus
848 423 903 447 est:
931 419 982 447 Ar.
1002 419 1032 446 Γ
1046 420 1100 447 103
1120 419 1191 454 πρὸς
1210 419 1240 446 τὸ
1260 420 1354 453 οἴσετε,
1381 420 1420 447 ὅτι
1446 419 1480 447 οὗ
1502 419 1648 455 μέλλοντός
1674 420 1727 447 ἐστι

172 467 283 503 χρόνου,
303 466 389 494 schol.
407 466 440 493 K
451 468 486 493 67
507 465 626 503 ἄνωχθι]
646 466 790 496 ἐνεστῶτός
808 467 862 493 ἐστι
881 466 928 492 καὶ
946 466 1131 501 παραταταοῦ
1150 465 1255 500 μᾶλλον
1273 466 1344 500 ἤπερ
1362 466 1575 500 παρακειμένου,
1596 468 1625 493 et
1642 464 1726 492 verbo

172 512 273 540 omisso
293 512 378 539 schol.
396 512 422 539 A
436 513 492 539 496
512 510 666 548 ἀνεδύσετο]
685 513 869 547 παρατατικοῦ
888 511 1051 546 παθητικοῦ,
1072 514 1100 538 et
1112 510 1199 538 schol.
1216 510 1236 537 Ι
1246 512 1299 538 193
1320 511 1424 546 ταφών,
1444 511 1572 546 δευτέρου
1592 511 1726 546 ἀορίστου,

172 557 257 585 schol.
270 557 289 584 I
301 558 354 584 106
375 573 412 577 —-
433 559 539 592 γενικῆς
558 558 611 585 ἐστι
629 557 761 587 πτώσεως
780 556 949 592 (διογενεῦς),
969 556 1054 584 schol.
1068 556 1098 583 E
1110 558 1164 583 196
1184 556 1215 583 τὸ
1235 557 1351 591 κρίμνον
1370 556 1516 591 οὐδετέρου
1536 557 1631 591 γένους
1650 557 1726 588 ἐστίν,

171 602 238 630 εῖναι
257 603 345 638 τρίτου
364 604 515 638 προςώπου
534 602 586 631 Ar.
603 603 636 630 K
647 604 709 636 545,
730 602 815 630 schol.
827 602 852 630 Ο
866 604 929 637 155,
953 602 1006 629 Ar.
1022 602 1042 629 I
1056 603 1110 629 160
1130 601 1160 629 τὸ
1174 602 1258 629 ὅσσον
1271 601 1323 629 οὔκ
1343 603 1396 629 ἔστι
1415 602 1548 638 πλήθους,
1567 601 1618 629 Ar.
1633 601 1661 629 P
1670 603 1724 629 599

172 648 211 675 ὅτι
230 648 260 675 τὸ
280 648 416 683 ἐπιλίγδην
434 649 580 684 μεσότητάς
599 649 678 681 ἐστιν,
703 648 831 675 similiter
850 647 919 674 κατὰ
939 656 962 675 c.
987 656 1043 674 acc.
1063 648 1201 674 invenitur
1216 646 1266 674 Ar.
1281 647 1310 674 Γ
1321 649 1354 674 11
1376 648 1401 674 εἰ
1417 648 1477 674 κατ’
1499 648 1646 683 αἰτιατικήν
1664 648 1724 680 ἐστι,

171 693 257 729 χωρὶς
276 696 324 721 τοῦ
342 694 360 721 ἳῗ
379 694 509 729 γράφεται
529 693 579 730 (sc.
603 693 720 729 ἀμείνω)
743 696 770 720 et
790 691 854 720 Nic.
873 692 954 719 1³37.

307 739 394 767 Haud
414 740 495 767 aliter
515 743 597 775 atque
618 739 686 766 εἶναί
703 749 726 765 τι
745 742 895 774 usurpatur
907 737 974 765 εἶναι
994 738 1063 765 ἀντί
1080 748 1158 770 τινος,
1179 739 1235 765 sive
1251 740 1365 765 notatur
1379 738 1479 774 forma,
1502 739 1559 766 sive
1573 742 1720 773 structura,

171 785 228 812 sive
248 794 308 820 vox,
332 794 402 821 quae
423 785 562 821 discrepat
581 784 616 812 ab
636 793 688 812 usu
708 784 842 811 sermonis
861 784 992 818 vulgaris.
1034 783 1084 810 Ar.
1098 784 1124 810 A
1141 783 1213 810 141*
1233 784 1273 811 ὅτι
1292 783 1322 810 τὸ
1341 784 1492 819 ἐρύσσομεν
1511 785 1580 812 ἐστὶν
1600 784 1657 811 ἀντὶ
1676 786 1725 811 τοῦ

171 831 336 866 ἕρύσσωμεν,
355 831 407 858 Ar.
424 831 445 858 Δ
461 832 515 858 335
536 826 554 866 ἦ
574 830 654 866 διπλῆ
673 829 744 865 πρὸς
763 829 794 856 τὸ
814 832 914 865 σχῆμα,
934 829 1000 856 διότι
1019 829 1129 856 ἐλλείπει
1149 830 1166 865 ἡ
1186 830 1231 857 ἐπί
1242 829 1288 856 καὶ
1300 831 1402 860 πτῶσις
1415 830 1578 865 ἐνήλλακται.
1598 831 1651 858 ἔστι
1671 830 1724 865 γὰρ

171 877 228 904 ἀντὶ
250 879 298 904 τοῦ
324 877 364 907 ὡς
387 877 430 904 ἐπὶ
457 877 554 911 Τρῶας
577 876 722 911 ὁρμήσειεν
745 874 857 911 (Hom.:
887 875 993 910 Τρώων
1012 874 1163 911 ὁρμήσειε),
1187 875 1238 902 Ar.
1256 875 1283 902 B
1298 877 1354 903 809
1379 891 1414 895 -—
1439 876 1485 903 καὶ
1511 876 1564 903 ἔστι
1586 876 1617 903 τὸ
1639 878 1724 903 πᾶσαι

171 922 228 950 ἀντὶ
245 925 294 950 τοῦ
313 923 379 956 ὅλαι,
392 921 455 950 Nic.
478 921 507 949 Ψ
518 923 571 949 181
591 937 629 941 -
649 922 721 948 ἔσται
739 920 770 948 τὸ
789 921 853 951 τούς
872 921 929 948 ἀντὶ
948 921 1130 948 ὑποτακτικοῦ
1149 921 1258 956 ἄρθρου
1278 923 1326 948 τοῦ
1345 921 1401 951 οὕς.
1432 921 1563 949 Recurrit
1582 922 1648 949 εἶναι
1668 922 1727 949 ἀντί

170 968 220 997 Ar.
235 969 262 996 A
278 970 331 996 159
349 970 405 997 564
424 968 518 996 Γ103
538 968 559 995 Δ
576 969 611 995 22
627 968 681 995 139
697 969 752 995 208
772 967 891 995 Η202*
904 970 957 995 etc.
980 966 1043 995 Nic.
1064 967 1091 994 Β
1106 968 1159 994 132
1180 967 1200 994 Δ
1217 968 1273 995 214
1292 967 1320 995 Ζ
1333 969 1386 995 109
1408 968 1462 995 150
1483 971 1520 996 ct.
1542 967 1628 996 schol.
1646 969 1672 996 A
1687 969 1722 995 67

171 1016 226 1041 299
246 1015 274 1041 Β
286 1015 341 1041 339
362 1014 460 1041 Ν586
482 1013 509 1040 Ω
523 1015 587 1047 293,
611 1013 677 1040 εἶναι
696 1014 727 1040 ἓν
747 1013 810 1040 ἀνθ’
832 1013 893 1043 ἑνός
912 1013 962 1040 Ar.
981 1013 1010 1039 ,Ψ
1022 1014 1086 1040 661.

306 1058 386 1087 Idem
406 1058 544 1094 significat
566 1058 633 1086 εἶναι
656 1059 708 1086 ἐπί
731 1058 774 1085 1118
794 1059 877 1086 locis:
906 1057 958 1085 Ar.
974 1058 993 1085 I
1005 1059 1059 1085 116
1080 1058 1138 1085 ἀντί
1156 1069 1188 1085 νυ
1208 1057 1329 1096 πολλῶν]
1350 1059 1389 1086 ὅτι
1408 1059 1438 1085 τὸ
1459 1059 1515 1085 ἀντὶ
1534 1059 1578 1086 ἐπὶ
1597 1061 1645 1086 τοῦ
1664 1060 1724 1086 ἴσου

170 1106 229 1133 ἐστί.
268 1105 298 1132 τὸ
318 1105 371 1140 γὰρ
390 1105 548 1139 λεγόμενον,
568 1105 626 1135 ἴσος
645 1104 698 1132 ἐστὶ
716 1104 836 1137 πολλοῖς,
860 1104 911 1132 Ar.
929 1104 963 1131 N
973 1105 1027 1131 236
1048 1105 1087 1131 ὅτι
1110 1104 1140 1132 τὸ
1164 1105 1288 1132 σπεύδειν
1311 1105 1363 1132 οὐκ
1384 1106 1452 1132 ἔστιν
1471 1105 1515 1132 ἐπὶ
1533 1107 1583 1132 τοῦ
1602 1105 1725 1141 ταχύνειν

170 1150 227 1177 ἀλλ’
248 1151 292 1177 ἐπὶ
310 1152 359 1177 τοῦ
379 1151 502 1185 ἐνεργεῖν,
518 1150 568 1177 Ar.
582 1150 611 1176 Σ
623 1152 676 1176 136
697 1150 737 1177 ὅτι
755 1150 786 1176 τὸ
805 1150 904 1184 νεῦμαί
921 1151 990 1177 ἐστιν
1009 1150 1052 1177 ἐπὶ
1070 1152 1119 1177 τοῦ
1138 1151 1290 1183 ἐνεστῶτος,
1310 1151 1367 1177 ἀντὶ
1380 1153 1428 1177 τοῦ
1441 1152 1544 1185 νέομαι.
1574 1151 1723 1178 Praeterea

170 1196 236 1223 εἶναι
255 1196 300 1223 ἐπί
317 1204 426 1232 semper
444 1196 485 1223 ita
501 1196 621 1231 ponitur,
646 1197 678 1223 ut
690 1196 726 1223 sit
739 1196 885 1231 pertinere,
909 1194 1086 1223 referendum
1100 1204 1159 1223 esse
1173 1195 1223 1223 ad:
1244 1194 1294 1223 Ar.
1307 1195 1335 1222 B
1348 1197 1403 1223 872
1424 1195 1536 1231 Νάστης
1551 1195 1724 1232 Ἀμφίμαχός

168 1252 196 1269 τε
220 1257 257 1262 -
280 1242 312 1272 ὃς
331 1242 377 1269 καὶ
396 1241 499 1277 χρυσὸν
519 1240 603 1278 ἔχων]
627 1242 666 1269 ὅτι
685 1241 729 1269 ἐπὶ
747 1244 796 1269 τοῦ
811 1241 988 1277 Ἀμφιμάχου
1008 1241 1062 1269 ἐστὶ
1080 1241 1110 1269 τὸ
1130 1242 1162 1272 ὃς
1181 1242 1227 1269 καὶ
1246 1242 1350 1277 χρυσὸν
1369 1242 1452 1277 ἔχων,
1476 1242 1492 1269 ὁ
1516 1242 1547 1270 δὲ
1566 1242 1724 1278 Σιμωνίδης

169 1287 213 1314 ἐπὶ
235 1289 284 1314 τοῦ
303 1287 415 1314 Νάοτου
439 1287 518 1322 λέγει,
541 1286 591 1314 Ar.
604 1287 632 1314 Γ
643 1290 696 1314 155
718 1288 757 1314 ὅτι
776 1287 842 1322 Ζην.
862 1288 961 1322 γράφει
981 1287 1043 1314 ὦκα
1064 1287 1128 1323 (pro
1148 1287 1223 1323 ἦκα).
1262 1289 1312 1315 εἴτε
1332 1288 1362 1315 δὲ
1381 1288 1425 1315 ἐπὶ
1443 1291 1490 1323 τῆς
1513 1288 1628 1323 Ἑλένης
1647 1289 1723 1321 ἐστὶν,

169 1332 209 1359 ὅτι
228 1331 291 1360 ὦκα
316 1332 471 1368 ἐπορεύετο,
492 1333 611 1368 ἀπρεπὲς
635 1333 717 1365 ἔσται,
747 1334 797 1360 εἴτε
822 1333 865 1360 ἐπὶ
888 1335 944 1360 τῶν
967 1333 1189 1368 δημογερόντων,
1215 1333 1254 1360 ὅτι
1277 1332 1341 1360 ὦκα
1360 1333 1519 1368 διελέγοντο,
1544 1334 1723 1368 ἀνάρμοστον.

170 1377 252 1406 Conf.
275 1377 325 1406 Ar.
340 1378 435 1406 Γ244
454 1378 559 1407 1235*
579 1378 678 1406 11748
699 1378 764 1406 Did.
778 1378 886 1413 Χ324,
905 1378 968 1407 Nic.
987 1378 1015 1406 B
1028 1380 1083 1406 642
1104 1378 1176 1407 Ρ37
1197 1378 1283 1407 schol.
1301 1378 1330 1406 E
1341 1380 1386 1407 22,

307 1424 371 1452 Hoc
395 1433 474 1452 sensu
498 1433 561 1452 cum
586 1425 631 1452 ἐπί
655 1425 810 1460 promiscuo
834 1424 883 1452 sed
908 1426 999 1452 rarius
1021 1426 1105 1452 κατάι
1134 1424 1185 1453 Ar.
1206 1425 1225 1452 I
1237 1427 1291 1452 128
1312 1424 1453 1462 ἀμύμονα]
1474 1426 1513 1452 ὅτι
1532 1426 1619 1461 χωρὶς
1638 1428 1687 1452 τοῦ
1707 1429 1723 1452 ὃ

170 1468 353 1505 γραπτέονᾞ)
374 1469 408 1496 οὗ
428 1470 480 1505 γάρ
500 1470 553 1497 ἐστι
572 1470 641 1496 κατὰ
660 1472 716 1497 τῶν
735 1472 880 1504 γυναικῶν,
901 1470 968 1497 ἀλλὰ
987 1470 1056 1497 κατὰ
1075 1473 1131 1497 τῶν
1150 1471 1247 1505 ἔργων.
1279 1471 1391 1505 ὕστερον
1406 1471 1437 1498 δὲ
1449 1471 1492 1498 &a
1511 1473 1566 1498 τῶν
1586 1473 1724 1505 γυναικῶν

169 1516 207 1548 ,αἳ
223 1515 313 1542 κάλλει
333 1515 445 1543 ἕνίκωνῖ

305 1561 371 1588 εἶναι
391 1562 465 1594 ἀπό,
485 1562 531 1594 ἐκ,
551 1563 640 1597 παρά
660 1562 774 1589 ductum
794 1571 853 1589 esse
873 1571 899 1589 a..
923 1561 1046 1596 (verbum
1066 1563 1209 1598 proprium
1228 1563 1379 1596 ἐκπίπτειν).

305 1606 371 1633 εἶναι
391 1607 460 1633 ἀπό.
500 1606 584 1634 schol.
607 1607 633 1633 Β
649 1608 707 1634 484
725 1607 860 1642 ψιλωτέον
879 1608 910 1634 δὲ
928 1607 959 1634 τὸ
979 1608 1081 1640 ἔσπετε,
1106 1608 1161 1634 ἀπὸ
1185 1608 1238 1642 γὰρ
1261 1610 1310 1634 τοῦ
1333 1609 1393 1634 ἔπω
1413 1609 1492 1641 ἐστίν,
1517 1608 1603 1636 schol.
1627 1609 1649 1635 Δ
1666 1610 1723 1636 412

167 1651 253 1690 τέττα]
275 1669 307 1673 -
330 1653 357 1680 οἳ
376 1653 406 1680 δὲ
425 1652 493 1680 κατὰ
512 1653 605 1683 πάθος
624 1652 680 1681 ἀπὸ
699 1655 747 1681 τοῦ
766 1653 874 1681 thiam
891 1663 974 1689 φασιν
993 1652 1070 1687 εἶναι,
1098 1652 1171 1681 conf.
1191 1652 1277 1681 schol·
1299 1654 1325 1681 A
1344 1655 1399 1681 216
1419 1655 1475 1681 324
1493 1653 1523 1681 Γ
1531 1655 1568 1682 47
1589 1654 1610 1681 Δ
1626 1655 1662 1682 66
1683 1654 1720 1682 al.

305 1698 371 1726 εἶναι
398 1699 432 1726 ἐκ
460 1699 544 1726 schol.
572 1699 598 1725 A
620 1700 674 1725 569
703 1700 826 1734 καθῆστο
854 1699 1033 1727 derivandum
1058 1703 1099 1726 est
1126 1699 1161 1726 ab
1191 1700 1257 1732 ἔξω,
1285 1701 1310 1726 εἰ
1335 1700 1388 1735 γὰρ
1415 1700 1450 1735 ἦν
1476 1701 1508 1728 ἐκ
1527 1703 1576 1727 τοῦ
1596 1700 1663 1735 ἧμαι
1683 1704 1719 1728 ct.

167 1744 242 1771 conf.
267 1744 354 1772 schol.
382 1744 408 1771 Φ
425 1745 462 1771 14
481 1744 517 1772 al.

304 1789 371 1817 εἶναι
389 1790 477 1825 παρά
497 1789 547 1817 Ar.
569 1789 594 1817 Θ
608 1791 663 1817 209
683 1789 826 1827 ἀπτοεπὲς]
848 1806 884 1810 -
904 1791 951 1818 καὶ
970 1792 1037 1821 ἴσως
1056 1791 1090 1826 ἦν
1108 1791 1185 1826 παρὰ
1204 1791 1234 1818 τὸ
1254 1791 1405 1824 πτοεῖσθαι,
1430 1792 1447 1827 ἡ
1468 1792 1538 1826 ἄγαν
1557 1794 1685 1824 πτοοῠσα,
1705 1793 1722 1826 ἢ

166 1836 242 1871 παρὰ
261 1836 292 1863 τὸ
312 1837 404 1869 ἅπτον,
424 1835 511 1864 schol.
532 1836 559 1863 A
574 1837 628 1863 31⁷
649 1834 738 1873 κνίση]
758 1852 797 1856 —-
816 1837 869 1864 ἔστι
887 1836 963 1872 παρὰ
983 1836 1014 1864 τὸ
1033 1837 1119 1864 κνίσω
1140 1836 1214 1865 conf.
1238 1836 1325 1865 schol.
1349 1837 1375 1864 A
1392 1838 1447 1864 46⁷
1469 1837 1502 1865 K
1513 1839 1567 1865 290
1588 1841 1639 1865 etc.

304 1881 370 1909 εἶναι
389 1882 435 1912 εἰς
453 1891 504 1918 pro
524 1882 614 1918 λήγειν
633 1883 681 1916 εἰς,
705 1882 780 1910 exire
803 1883 844 1917 111,
869 1883 990 1910 occurrit
1009 1882 1095 1911 schol.
1114 1882 1147 1910 K
1160 1884 1195 1910 67
1216 1897 1254 1903 ——
1274 1883 1291 1910 ὁ
1314 1882 1365 1918 μὲν
1388 1882 1438 1910 οὖν
1453 1883 1635 1914 Ἀπολλώνιος
1653 1884 1690 1913 εἰς
1709 1883 1724 1910 ἒ

166 1927 290 1962 βούλεται
310 1927 376 1955 εἶναι
395 1928 427 1955 τὰ
446 1930 495 1955 τοῦ
513 1929 716 1963 παρακειμένου
735 1930 922 1964 προς-τακτικά.

303 1972 409 2008 Restat,
434 1977 465 2001 ut
478 1974 512 2001 de
526 1983 607 2001 sensu
622 1975 786 2010 praegnanti
799 1974 878 2002 verbi
898 1974 964 2002 εἶναι
979 1975 1029 2011 (=
1044 1976 1207 2011 γεγράφθαι,
1223 1974 1372 2012 κεῖσθαι13)
1387 1975 1518 2003 dieamus.
1556 1975 1606 2003 Ar.
1627 1975 1653 2003 Θ
1667 1976 1717 2002 191

305 2040 334 2068 ¹²)
349 2040 446 2067 fallitur,
463 2041 493 2064 cf.
509 2041 635 2064 Lehmium
651 2042 715 2071 apud
730 2041 818 2065 Friedl.
835 2043 858 2065 et
872 2042 956 2065 Ludw.
973 2041 1031 2065 Did.
1047 2042 1060 2065 1
1076 2051 1100 2072 p.
1116 2043 1161 2065 800
1178 2043 1207 2065 ad
1224 2043 1246 2067 h.
1263 2043 1279 2065 1.

305 2078 331 2106 ¹⁸)
348 2078 476 2107 Heubach,
497 2078 580 2108 quibu·
599 2078 717 2103 vocabulis
736 2079 799 2103 artie
818 2079 913 2103 criticae
931 2080 1041 2109 propriis
1064 2080 1104 2103 ιιεί
1126 2080 1175 2103 sint
1195 2080 1294 2104 Homeri
1313 2080 1406 2111 (codicia
1433 2081 1511 2104 Veneti
1530 2081 1560 2110 A)
1584 2080 1720 2103 εώοἱίαεὶα(

164 2113 290 2143 Speeimen.
323 2115 410 2146 Progr.
426 2116 544 2140 Eisenuch
561 2118 628 2140 1889.
644 2125 667 2147 p.
684 2118 721 2140 21.
