1883 2394
183 88 218 114 12

180 178 237 197 non
262 172 398 205 repugnat
420 168 578 196 Aristarchi
604 169 719 203 rationi,
747 168 795 204 qui
821 177 903 204 saepe
927 169 1024 196 statuit
1049 169 1232 197 recentiorem
1259 179 1412 198 sermonem
1435 169 1575 205 pustulam
1598 170 1661 204 περί
1685 169 1733 196 ubi

180 214 322 244 Homerus
352 213 495 242 exhiberet
525 214 615 243 solum
644 214 800 251 genetivum
833 214 947 251 (Friedl.
973 224 1000 251 p.
1026 214 1082 252 26).
1140 214 1273 244 Dubitare
1301 215 1368 244 licet
1395 215 1429 244 de
1456 214 1485 243 E
1504 215 1542 243 6*
1571 215 1734 251 λελουμένος

175 260 329 298 Ὠκεανοῖο]
350 277 384 281 -
406 261 516 288 ἐλλείπει
535 261 566 289 ὀὲ
586 262 602 297 ἡ
623 262 653 293 ἐξ
673 270 739 289 num
759 262 794 288 sit
807 261 961 289 Aristonici
974 261 1064 289 verbis
1078 262 1304 290 continuandum.
1338 261 1537 290 Friedlaender
1550 271 1605 289 non
1618 262 1733 297 recepit,

180 308 254 343 quod
268 307 379 334 Bekker
394 308 450 334 iam
467 306 600 341 ediderat,
621 307 739 334 alterum
759 307 895 334 scholium
914 307 996 334 λείπει
1015 308 1032 342 ἠ
1053 308 1089 340 ἐξ,
1109 307 1158 334 sed
1177 308 1283 343 recepit
1298 308 1331 335 X
1343 309 1396 335 147
1416 308 1501 343 πηγαὶ
1521 323 1557 327 -
1578 307 1732 334 ἀναΐσσουσι

179 351 378 389 Σκαμάνόρου]
398 352 437 380 ὅτι
456 352 538 380 λείπει
557 353 689 388 πρόθεσις
708 354 725 388 ἡ
746 353 777 380 ἐκ
797 354 814 388 ἢ
836 353 897 386 ἀπό,
918 352 992 388 quod
1013 352 1048 380 ab
1068 352 1097 380 Ε
1111 354 1128 380 6
1148 362 1204 380 non
1222 353 1263 381 ita
1284 353 1422 381 diversum
1442 362 1501 381 esse
1520 353 1637 381 videtur.
1676 351 1732 380 Sed

179 400 272 427 nescio
296 408 331 427 an
358 399 394 426 sit
417 398 578 426 recentioris
599 399 625 425 Ξ
636 400 690 426 129
711 399 843 434 ἐχώμεθα
864 399 1003 435 δηϊοτῆτος
1022 400 1054 426 ἐκ
1073 397 1187 436 βελέων]
1207 399 1247 427 ὅτι
1269 399 1379 427 ἐλλείπει
1399 401 1416 435 ἡ
1437 400 1492 427 ἀπό
1511 399 1648 435 πρόθεσις,
1669 398 1733 426 ἀπε-

178 445 303 481 χώμεθα.
349 444 424 472 Num
445 444 465 471 I
485 446 540 471 580
567 445 678 479 τέμενος
704 445 813 472 ἑλέσθαι
843 461 877 465 -
907 446 990 480 ἥμισυ
1019 445 1185 478 οἶνοπέόοιο,
1213 446 1297 481 ἥμισυ
1329 446 1359 473 ὀὲ
1390 446 1472 481 ψιλὴν
1505 447 1599 481 ἄροσιν
1629 445 1732 472 πεδίοιο

178 489 321 527 ταμέσθαι]
342 490 386 517 διὰ
402 493 450 517 τοῦ
468 491 493 522 ὃ,
513 490 595 525 ψιλῆς
611 494 667 525 γῆς,
688 491 777 520 οὕτως
793 492 821 517 αῖ
836 491 1013 526 Ἀριστάρχου
1034 490 1155 526 Didymo
1175 490 1381 518 attribuendum
1395 492 1438 526 sit,
1463 491 1538 527 quod
1557 490 1733 526 subsequitur

179 536 262 572 ὀῆλον
281 536 311 563 δὲ
331 536 369 563 ὅτι
390 536 499 563 ἐλλείπει
520 537 536 572 ἡ
557 537 601 569 εἰς,
621 536 655 563 ἵν’
676 535 694 572 ᾖ
715 537 752 566 εἰς
772 537 867 572 ἄροσιν
886 537 937 564 viri
952 535 1067 571 doctin)
1081 536 1158 564 dubii
1178 536 1301 564 haerent.
1338 537 1377 565 Et
1396 537 1531 574 profecto,
1550 540 1682 573 quantum
1699 545 1733 563 ex

179 582 332 609 Aristonici
351 582 515 616 fragmentis
531 582 655 609 iudicare
675 583 749 616 licet,
768 582 948 610 Aristarchus
967 583 1200 617 praepositionem
1221 584 1259 612 εἰς
1283 583 1453 610 desiderasse
1477 592 1532 610 non
1552 582 1660 609 videtur
1679 583 1733 608 nisi

178 626 226 654 ubi
245 628 420 655 accusativus
440 636 458 654 a
478 627 569 655 verbis
590 627 718 655 movendi
738 627 841 664 pendet
862 627 979 663 (Friedl.
1004 637 1029 663 p.
1047 627 1104 664 26).
1148 627 1230 655 Haec
1250 627 1284 655 de
1304 627 1563 664 praepositionibus.

313 673 465 701 Praeterea
477 674 623 709 ἐλλείψεως
643 683 745 709 genera
764 678 952 702 memorantur
969 674 1052 701 haec:
1076 674 1105 701 Σ
1117 675 1171 701 596
1192 675 1219 701 οἱ
1231 674 1262 702 δὲ
1281 677 1411 710 χιτῶντας
1431 674 1493 702 εἵατ’
1515 675 1659 709 ἐϋννήτους
1677 673 1732 709 ἦκα

178 720 330 754 στίλβοντας
349 718 442 757 ἐλαίῳ]
463 720 573 747 ἐλλείπει
593 720 623 747 τὸ
637 719 716 753 ὡςῗῧ)
737 719 858 747 Cobetus
879 719 1039 748 Aristonico
1056 720 1207 747 vindicavit
1228 719 1325 747 addito
1339 720 1385 753 ὅτι,
1406 720 1562 748 doctrinam
1576 719 1731 747 Aristarchi

178 774 236 792 esse
256 766 384 800 exposuit
404 765 508 793 Friedl.
529 765 591 793 Nic.
612 776 638 802 p.
654 768 715 793 114.

313 810 365 838 Ar.
383 811 416 838 N
426 813 481 838 287
509 812 575 839 οὗόἑ
602 822 650 839 κεν
676 812 744 838 ἔνθα
768 812 828 839 τεόν
852 823 881 847 γε
901 813 983 847 μένος
1006 812 1052 838 καὶ
1071 815 1163 847 χεῖρας
1190 810 1290 849 ὄνοιτο]
1318 812 1357 839 ὅτι
1384 812 1494 839 ἐλλείπει
1517 811 1547 838 τὸ
1570 812 1618 843 τίς,
1644 811 1732 838 ὄνοιτό

176 867 219 886 τις.
249 855 309 883 Nec
327 857 418 884 minus
432 857 564 884 omissum
585 866 643 884 esse
664 858 701 887 τὶς
716 857 894 885 Aristarchus
907 858 1003 892 voluit,
1027 857 1075 885 ubi
1089 857 1209 885 secunda
1229 866 1349 893 persona
1368 861 1517 893 usurpatur
1537 856 1609 884 conf.
1629 856 1733 883 Friedl.

176 901 261 930 Arist.
276 912 302 938 p.
318 904 332 929 7
348 911 424 938 sequ.
457 901 551 930 Aliter
563 912 608 930 res
622 912 650 931 se
664 902 749 930 habet
767 903 859 931 Y223
879 904 954 931 τάων
973 903 1019 930 καὶ
1033 903 1141 939 Βορέης
1160 902 1309 940 ἠράσσατο]
1329 903 1369 931 ὅτι
1388 903 1498 931 ἐλλείπει
1517 902 1547 930 τὸ
1566 905 1652 935 τινῶν,
1672 902 1732 929 τού-

176 959 231 975 των
250 951 342 975 τινῶν
362 949 396 975 οὗ
417 949 469 984 γὰρ
488 952 588 976 πασῶν
607 950 726 984 ἠράσθη.

312 994 363 1021 Ar.
382 994 416 1020 Π
426 995 480 1021 203
508 998 536 1022 et
555 996 611 1021 496
632 995 741 1022 ἐλλείπει
761 995 791 1022 τὸ
815 995 878 1022 τάδε
902 995 990 1030 λέγων
1018 996 1046 1022 in
1074 1004 1107 1023 eo
1134 995 1312 1030 ἀποστροφῆς
1335 1003 1447 1029 genere,
1476 993 1524 1021 ubi
1547 997 1629 1030 poeta
1652 994 1732 1022 initio

177 1041 234 1076 ipse
255 1043 373 1075 enarrat,
399 1040 466 1076 quid
486 1041 548 1076 quis
568 1040 678 1076 dixerit,
703 1040 803 1068 deinde
824 1041 903 1069 illum
924 1041 1031 1069 inducit
1051 1039 1259 1078 loquentem²⁴).

312 1087 495 1123 Participium
516 1088 699 1124 supplendum
712 1097 771 1116 esse
786 1088 905 1116 ducebat
918 1088 1098 1116 Aristarchus
1114 1089 1199 1116 etiam
1221 1088 1290 1115 Tel
1313 1088 1424 1123 ἀνδρῶν
1444 1088 1460 1114 ὁ
1472 1088 1502 1115 ἐν
1520 1087 1613 1121 πολλῷ
1633 1086 1732 1121 ὁμάόῳ

174 1135 236 1162 πῶς
249 1133 297 1159 κέν
311 1143 349 1162 τις
366 1133 482 1160 ἀκούσαι
501 1135 518 1168 ἢ
539 1135 615 1165 εἴποι,
636 1133 683 1160 ubi
697 1134 765 1160 Did.
789 1134 804 1160 ὁ
817 1134 991 1169 Ἀρίσταρχος
1011 1134 1137 1161 ἐλλείπειν
1157 1134 1224 1169 φησὶ
1243 1134 1273 1160 τὸ
1294 1134 1382 1163 οὕτως
1402 1134 1552 1168 χρώμενος.
1574 1148 1608 1152 —
1630 1131 1673 1158 Ex
1693 1132 1732 1158 eis

175 1186 245 1212 quae
272 1177 451 1212 antecedunt,
475 1179 653 1214 participium
678 1178 842 1206 subauditur
866 1179 950 1206 schol.
970 1179 995 1205 Ξ
1010 1179 1066 1206 81*
1089 1179 1216 1214 βέλτερον
1242 1179 1273 1208 ὃς
1297 1178 1410 1213 φεύγων
1433 1177 1563 1213 προφύγῃ
1588 1176 1676 1203 κακὸν
1701 1176 1733 1211 ἠὲ

175 1221 263 1260 ἁλώῃ]
283 1223 394 1251 ἐλλείπει
413 1224 444 1251 τὸ
464 1225 480 1259 ἢ
501 1225 595 1259 μείνας
620 1225 696 1260 ἁλώῃ
721 1227 750 1252 et
772 1224 801 1252 in
821 1225 927 1252 scholio
949 1225 1032 1253 simili
1053 1228 1081 1252 et
1100 1224 1224 1252 eiusdem
1244 1225 1340 1260 procul
1361 1223 1446 1252 dubio
1464 1224 1585 1251 auctoris
1605 1223 1634 1250 Σ
1644 1222 1729 1250 472*.

176 1284 212 1288 —
231 1269 276 1296 Ex
303 1270 440 1297 sententia
468 1270 582 1304 ἔλλειψις
610 1271 740 1297 statuitur
768 1271 852 1298 etiam
880 1271 966 1298 schol.
987 1271 1012 1298 A
1032 1272 1084 1297 391
1115 1271 1143 1297 εἴ
1165 1270 1192 1297 κ’
1224 1271 1315 1304 ὀλίγον
1342 1280 1393 1305 περ
1421 1267 1538 1305 ἐπαύρῃ]
1566 1269 1675 1295 ἐλλείπει
1703 1267 1733 1294 τὸ

175 1314 297 1350 πρόσθεν
317 1318 345 1342 et
365 1314 451 1343 schol.
469 1315 498 1342 Σ
512 1317 576 1343 300.

306 1361 448 1396 Ἔλλειψιν
468 1362 578 1397 ἄρθρου
591 1362 787 1389 Aristarchum
800 1366 898 1398 poetae
918 1362 1058 1398 propriam
1079 1363 1249 1390 existimasse
1270 1363 1387 1389 testatur
1407 1361 1492 1388 schol.
1510 1360 1543 1387 K
1553 1361 1609 1387 408
1629 1360 1655 1387 A
1668 1361 1732 1387 465.

175 1406 219 1433 De
233 1406 298 1433 εἶναι
314 1406 398 1434 verbo
415 1408 518 1435 omisso
538 1408 707 1435 mentionem
723 1407 794 1435 facit
813 1407 876 1435 Nic.
894 1408 922 1434 Γ
932 1408 1006 1435 323*
1026 1409 1091 1443 ἡμῖν
1107 1407 1171 1434 ὀάὗ
1191 1408 1319 1443 φιλότητα
1339 1407 1386 1434 καὶ
1405 1407 1485 1442 ὅρκια
1505 1406 1583 1433 πιστὰ
1597 1403 1732 1441 γενέσθαι]

175 1452 223 1479 ἐὰν
249 1453 380 1487 στίζωμεν
399 1452 454 1488 πρὸ
474 1453 571 1480 τούτου
597 1456 645 1480 τοῦ
666 1454 756 1489 στίχου
784 1469 819 1473 -
844 1454 953 1481 ἐλλείπει
973 1454 1049 1489 ῥῆμα
1069 1453 1192 1481 εὐκτικὸν
1214 1453 1245 1480 τὸ
1265 1454 1316 1488 εἴη,
1340 1452 1366 1480 Θ
1381 1454 1433 1479 106
1454 1452 1506 1479 οἷοι
1528 1452 1626 1487 Τρώϊοι
1646 1449 1732 1488 ἵπποι]

175 1497 265 1534 βραχὺ
285 1498 454 1526 ὀιασταλτέον
466 1500 510 1526 ἐπὶ
523 1500 610 1527 ἵππον
630 1500 735 1535 μᾶλλον
756 1500 808 1535 γὰρ
825 1500 948 1535 ἐμφαίνει
968 1500 1016 1535 τὴν
1035 1502 1083 1527 τοῦ
1099 1500 1162 1527 εἰσίν
1178 1500 1300 1534 ἔλλειψιν,
1321 1499 1341 1525 Δ
1356 1500 1413 1525 400
1427 1497 1606 1525 Aristarchus
1622 1497 1733 1532 scripsit

175 1544 222 1570 τὸν
248 1544 308 1571 υἱὸν
335 1545 438 1579 γείνατο
466 1545 505 1572 εἷο
532 1546 619 1581 χέρηα
646 1547 734 1581 μάχῃ,
764 1546 852 1580 ἀγορῇ
880 1546 911 1572 δέ
938 1546 959 1572 τ’
988 1546 1108 1580 ἀμείνων
1131 1547 1191 1579 (nos
1215 1544 1331 1580 ἀμείνω)
1359 1548 1388 1571 et
1413 1543 1589 1571 Aristonicus
1617 1542 1732 1569 adnotat

176 1589 286 1615 ἐλλείπει
306 1589 336 1616 δὲ
355 1589 385 1616 τὸ
406 1591 458 1616 ἔστι
478 1591 561 1625 ῥῆμα.

313 1633 443 1663 Oeterum
457 1634 590 1671 Nicanor,
608 1636 656 1672 qui
677 1636 706 1663 in
726 1645 841 1663 numero
862 1635 1032 1663 schematum
1054 1636 1163 1672 ellipsin
1176 1635 1298 1663 habebat
1312 1635 1363 1671 (Μ
1373 1633 1429 1671 29),
1453 1634 1542 1661 utitur
1555 1642 1588 1661 ea
1601 1632 1637 1660 ad
1657 1631 1730 1660 diffi-

175 1681 285 1708 ciliores
305 1684 456 1709 structuras
477 1682 655 1717 explicandas
675 1682 750 1709 P94
770 1683 795 1709 εἶ
812 1682 843 1709 δέ
863 1692 910 1709 κεν
924 1681 1039 1716 Ἕκτορι
1058 1684 1162 1717 μοῦνος
1181 1682 1237 1709 ἐὼν
1256 1682 1302 1709 καὶ
1323 1681 1414 1716 Τρωσὶ
1433 1680 1567 1715 μάχωμαι
1590 1679 1730 1711 αἰδεσθεὶς,

173 1727 212 1761 μή
233 1726 294 1755 πώς
312 1736 348 1761 με
367 1727 528 1762 περιστήωσ’
550 1728 597 1754 ἕνα
617 1726 721 1763 πολλοί]
742 1742 779 1746 -
800 1727 815 1754 ἆ
835 1727 917 1762 λόγος
937 1727 1043 1763 ἐλλιπής
1062 1728 1122 1760 ἐστι,
1142 1728 1279 1757 λείποντος
1298 1729 1346 1753 τοῦ
1366 1725 1532 1760 εὐλαβοῦμαι
1553 1726 1570 1760 ἤ
1589 1734 1660 1754 τινος
1678 1734 1730 1751 τοι·

173 1772 263 1804 ούτου,
283 1771 307 1799 O
322 1773 357 1799 41
379 1773 444 1800 ἴστω
464 1772 506 1809 Γῆ
521 1770 572 1800 ’καὶ
591 1773 717 1809 Οὐρανὸς
736 1773 776 1801 ὅτι
795 1773 834 1809 μὴ
856 1773 892 1800 δι’
914 1773 983 1808 ἐμὴν
1003 1774 1122 1809 γνώμην.
1163 1773 1230 1801 ἀλλὰ
1250 1773 1372 1802 σπανίως
1391 1771 1423 1798 τὰ
1442 1773 1549 1798 τοιαῦτα
1569 1770 1660 1803 λείπει,
1684 1770 1730 1797 καὶ

173 1818 272 1853 σχεὸὸν
291 1818 334 1845 ἐπὶ
353 1819 450 1854 μόνων
468 1822 524 1846 τῶν
543 1820 648 1855 ὅρκων,
676 1823 703 1847 et
723 1819 799 1847 infra
819 1819 942 1854 συνήθης
961 1820 1013 1846 ἐστὶ
1032 1822 1088 1846 τῶν
1107 1820 1202 1855 ὅρκων
1221 1820 1238 1855 ἡ
1260 1819 1381 1853 ἔλλειψις.
1421 1816 1525 1845 Contra
1545 1826 1599 1844 non
1619 1816 1730 1844 admisit

173 1864 207 1891 N
216 1865 271 1891 352
292 1868 320 1892 et
340 1865 367 1892 Z
380 1866 436 1892 479
461 1866 507 1893 καὶ
529 1867 595 1893 ποτέ
617 1877 655 1896 τις
679 1867 767 1902 εἴπῃσι
790 1865 894 1901 πατρός
917 1865 942 1901 γ’
968 1866 1015 1893 ὅδε
1040 1866 1142 1893 πολλὸν
1167 1866 1287 1901 ἀμείνων
1306 1866 1338 1893 ἐκ
1357 1864 1480 1899 πολέμου
1500 1861 1618 1900 ἀνιόντα]
1639 1878 1677 1883 —
1695 1863 1729 1890 οὗ

172 1911 253 1937 λείπει
273 1910 303 1937 τὸ
323 1911 391 1938 ἰδών
411 1915 438 1938 et
458 1912 506 1946 τὴν
525 1912 641 1947 ἔλλειψιν
660 1914 708 1939 τοῦ
728 1912 805 1947 ὁρῶν
825 1911 858 1938 οὗ
878 1912 1101 1947 παραδεχόμεθα.
1123 1927 1157 1931 -
1180 1912 1320 1946 optionem
1342 1910 1390 1937 dat
1410 1910 1435 1937 A
1451 1911 1516 1937 580.

310 1978 339 2008 ²¹)
356 1978 418 2001 conf.
434 1986 497 2002 nunc
513 1979 596 2002 Ludw.
613 1978 672 2002 Did.
688 1979 701 2002 I
717 1987 740 2009 p.
757 1980 802 2001 308
820 1979 849 2001 ud
867 1979 888 2001 h.
905 1979 920 2003 l.

311 2016 337 2046 η)
355 2017 449 2040 Bekker
464 2025 512 2040 non
530 2018 643 2041 ediderat.

309 2054 337 2084 ²⁴)
355 2055 415 2078 conf.
433 2055 520 2079 Friedl.
537 2056 609 2078 Arist.
627 2064 649 2085 p.
668 2057 696 2078 16
712 2063 776 2084 sequ.
