1883 2394
161 209 201 237 ὅτι
223 209 300 240 ἰδίως
322 208 355 235 τὰ
378 207 489 236 ἐπίθετα
511 207 649 242 προτάξας
671 206 702 234 τὸ
724 206 821 242 κύριον
839 207 985 242 ἐπήγαγεν,
1008 205 1059 234 Ar.
1076 206 1103 234 Φ
1118 207 1169 233 167
1196 206 1346 241 σημείωσαι
1368 206 1408 234 ὅτι
1430 207 1473 241 τῷ
1492 205 1577 241 ἑτέρῳ
1596 206 1714 241 εἰρηκὼς

161 256 296 290 ἐπήγαγεν
321 255 338 289 ἡ
363 253 405 286 δέ,
432 252 508 288 quod
531 253 560 280 in
583 261 613 280 re
638 252 722 280 simili
748 251 799 280 Ar.
821 252 850 279 Ε
869 251 943 280 140*
967 252 1066 280 ὀΐεσσιν
1094 268 1129 272 -
1153 252 1185 279 τὰ
1209 252 1236 279 δ’
1260 253 1350 288 ἐρῆμα
1373 249 1509 289 φοβεῖται]
1537 251 1577 279 ὅτι
1594 251 1666 287 πρὸς
1683 252 1714 279 τὸ

161 299 363 337 σημαινόμενον
382 298 429 325 καὶ
447 298 481 325 οὗ
500 297 572 334 πρὸς
590 297 620 325 τὸ
639 297 723 334 ῥητὸν
741 301 820 325 τοῦτο
839 297 974 333 ἐπήγαγεν
993 297 1146 334 simplicius
1165 297 1271 325 dictum
1290 300 1333 325 est
1350 306 1402 333 pro
1421 297 1575 333 ἀπήντηκεν
1593 296 1654 333 (ubi
1666 296 1710 334 ι),

161 346 246 374 schol.
259 344 288 372 E
301 345 356 372 ⁷74
378 344 493 380 προθεὶς
512 345 543 372 ἓν
568 344 659 372 ἑνικὸν
681 345 771 380 ὄνομα
795 343 891 371 ὁυῖκὸν
909 344 1002 379 ἐπάγει
1024 344 1100 379 ῥῆμα
1124 345 1141 380 ἢ
1164 341 1402 380 πληθυντικόνοῧ,
1425 343 1511 372 schol.
1529 343 1564 371 N
1572 344 1627 371 25?
1652 353 1715 371 κατ·

160 392 279 426 εάξαμεν
298 391 314 417 ὃ
333 390 398 425 πρὶν
417 390 541 425 ἔχεσκον]
563 390 740 425 πληθυντικῷ
759 390 850 417 ἑνικὸν
868 390 1010 424 ἐπήγαγεν.
1030 405 1067 409 -
1088 389 1163 417 conf.
1186 390 1330 425 ἐπιφέρειν.

298 443 451 478 ἐπαγωγή
472 442 600 478 adiectio,
625 442 709 471 schol.
723 442 752 470 E
765 444 821 470 774
840 442 994 478 ἀναπληροῖ
1010 444 1042 478 τῇ
1061 443 1193 478 ἐπαγωγῇ
1212 442 1304 479 explet
1324 441 1485 470 adiectione.

300 489 445 525 ἐπαίρειν
464 489 578 524 erigere,
601 489 650 525 τὴν
668 489 827 525 προςφόίαν
845 488 895 516 Ar.
909 489 935 516 A
949 490 1013 516 636.

298 535 561 570 ἑπακριβοῦσθαι
581 534 630 563 Ar.
645 535 679 562 II
690 536 744 563 116
768 535 837 562 κατὰ
856 535 941 570 μέρος
961 535 1035 571 quod
1056 539 1137 563 autea
1157 534 1341 570 significatum
1362 538 1416 568 est,
1442 538 1537 570 postea
1557 535 1715 562 accuratius

160 581 308 616 illustrare,
333 590 359 608 v.
382 581 575 616 ἐπεξηγεῖσθαι.

299 626 474 661 ἔπαλληλία
494 627 579 653 series
599 627 738 660 continua,
762 626 891 661 βραχέων
911 626 951 662 (in
971 626 1115 662 ὄεδμέατο)
1136 626 1221 654 schol.
1241 625 1270 652 Γ
1283 627 1336 653 183
1358 625 1377 652 Ι
1388 627 1413 653 3.

297 672 483 707 ἒπαναβολή
504 672 623 707 iteratio,
648 671 735 699 schol.
755 671 784 698 E
800 673 833 698 31
851 670 928 706 Ἆρες
947 670 1037 708 Ἄρες]
1062 672 1217 707 ἐπαναβολὴ
1242 672 1258 698 ὁ
1282 672 1393 706 τρόπος,
1419 671 1492 706 quod
1512 671 1598 699 schol.
1615 671 1644 699 E
1658 671 1715 698 31⁸

160 716 265 745 dicitur
285 718 447 753 παλιλλογία,

298 771 580 807 ἐπαναλαμβάνειν
599 772 708 805 iterare,
733 771 908 806 ἐπανάληψις.
949 771 1060 799 Dicitur
1079 771 1113 798 de
1134 772 1173 798 eis
1194 780 1264 807 quae
1285 772 1341 798 iam
1361 775 1473 798 narrata
1492 774 1555 798 sunt
1571 770 1621 798 Ar.
1634 771 1661 798 A
1677 773 1711 798 17

162 817 201 843 ὅτι
220 817 396 852 ἑπανείληφεν
415 817 673 852 ἐξεργαστικώτερινν
694 816 790 852 (quam
805 815 832 842 B
844 817 880 843 45
895 818 982 852 sequ.)
1001 817 1033 843 τὰ
1052 817 1114 852 περὶ
1133 817 1179 843 τὸν
1195 816 1328 878 ὁπλισμὸν
1343 820 1391 843 τοῦ
1408 816 1614 851 Ἀγαμέμνονος,
1631 817 1713 843 simil.

161 862 226 890 Por.
241 862 343 890 Ρ608.
367 862 440 890 conf.
462 863 612 890 ἀναπολεῖν.

297 916 464 952 Plerumque
485 920 577 944 autem
598 916 631 944 de
651 916 793 944 vocabulis
813 917 928 952 siugulis
949 925 1020 953 quae
1040 920 1215 953 repetuntur:
1246 917 1277 944 τὸ
1296 919 1352 944 τῶν
1371 914 1434 944 Nic.
1452 916 1486 943 H
1495 917 1561 951 633,
1584 916 1713 952 χρονικὸν

161 962 298 997 ἐπίρρημα
318 961 380 989 Nic.
396 962 425 988 Σ
437 963 486 989 10]
512 962 670 997 (utrumque
690 961 834 997 parecbasi
853 961 950 998 facta),
971 962 1029 990 sim.
1049 962 1111 990 Nic.
1127 962 1162 989 H
1170 964 1235 997 402,
1259 962 1290 989 τὸ
1309 963 1341 989 οἵ
1355 962 1415 989 κατ’
1436 962 1604 997 ἑπανάληψιν
1622 971 1713 997 περισ-

161 1007 231 1035 σεύει
251 1006 313 1035 Nic.
328 1007 355 1034 B
369 1008 436 1042 681,
464 1007 633 1043 ἐπανάληψις
652 1007 833 1034 ὑποτακτικοῦ
852 1008 955 1043 μέρους
973 1007 1036 1035 Nic.
1052 1008 1078 1035 A
1094 1009 1157 1042 185,
1181 1010 1237 1035 τῶν
1256 1008 1446 1035 ὕποτακτικῶν
1464 1006 1527 1034 Nic.
1545 1007 1576 1034 X
1587 1009 1634 1041 57,
1657 1009 1714 1034 τῶν

161 1054 332 1089 ὀνοματικῶν
351 1053 412 1081 Nic.
426 1054 453 1081 Β
466 1055 521 1081 497
542 1054 667 1089 intellegi
686 1054 793 1089 nequit,
818 1053 922 1081 arridet
941 1053 1151 1082 Friedlaenderi
1171 1054 1374 1088 ὗποτακτυιῶν;
1398 1052 1486 1081 tribus
1506 1053 1548 1081 his
1567 1052 1714 1081 Nicanoris

161 1099 230 1126 locis
251 1099 287 1133 (A
303 1101 355 1126 185
373 1099 400 1125 B
412 1100 467 1125 497
488 1099 520 1125 X
532 1099 580 1133 57)
601 1100 730 1134 repetitio
745 1107 799 1126 non
819 1107 836 1126 a
851 1103 934 1134 poeta
946 1100 1007 1135 ipso
1027 1099 1111 1133 facta,
1136 1099 1184 1126 sed
1200 1100 1298 1127 lectori
1318 1097 1522 1135 supplenda“)‚
1546 1100 1714 1134 ἐπανάληψις

160 1144 261 1175 λέξεων
280 1143 328 1179 (εἷς
347 1144 476 1179 κοίρανος
496 1145 576 1176 ἔστω,
601 1144 638 1174 εἷς
656 1143 794 1179 βασιλεύς)
814 1142 877 1171 Nic.
895 1144 922 1171 B
936 1145 999 1179 204,
1023 1144 1100 1172 verbi
1120 1148 1148 1172 et
1167 1145 1304 1172 enuntiati
1324 1143 1374 1171 Ar.
1394 1143 1486 1171 Y372
1500 1143 1575 1171 404*
1595 1144 1627 1171 X
1639 1144 1713 1171 188*

166 1189 266 1217 {¹642
306 1189 473 1225 Saepissime
494 1189 643 1217 adnotatur
662 1190 781 1218 nominis
801 1189 926 1218 iteratio:
954 1190 1003 1217 Ar.
1019 1190 1046 1217 A
1061 1191 1114 1218 109
1136 1191 1175 1218 ὅτι
1194 1190 1356 1226 ἐπανείληφε
1375 1190 1405 1217 τὸ
1425 1190 1514 1225 ὄνομα
1534 1189 1577 1217 διὰ
1596 1189 1627 1217 τὸ
1645 1199 1714 1225 προ-

160 1236 294 1271 ειρηκέναι
318 1235 379 1268 δύο,
404 1235 477 1262 conf.
496 1234 546 1262 Ar.
559 1235 584 1262 Ο
597 1237 614 1262 8
632 1236 686 1262 333
714 1235 755 1271 (ἐξ
778 1235 939 1270 ὀνόματος),
962 1236 1131 1271 ἐπανάληψις
1154 1236 1290 1271 ὀνόματος
1313 1235 1363 1262 Ar.
1379 1235 1407 1262 E
1421 1236 1474 1263 79*
1498 1235 1525 1262 Ζ
1538 1237 1592 1262 154
1617 1235 1644 1262 Φ
1657 1235 1713 1262 86·

160 1281 245 1309 schol.
260 1281 287 1309 Σ
299 1282 362 1316 399,
387 1282 488 1309 omisso
509 1281 645 1317 ὀνόματος
657 1280 707 1309 Ar.
722 1281 749 1309 B
762 1282 816 1309 837
838 1281 865 1308 Ζ
876 1281 932 1309 64*
952 1281 1209 1318 (Friedlaenderum
1229 1290 1285 1310 non
1307 1285 1383 1309 recte
1403 1280 1529 1309 conferre
1549 1280 1600 1308 At.
1617 1280 1646 1308 Ε
1659 1281 1714 1308 734

159 1328 229 1355 vidit
252 1326 410 1361 Roemer⁶⁵)
437 1328 464 1354 Z
480 1329 534 1354 396
559 1327 593 1354 H
608 1329 662 1355 138
687 1328 724 1354 M
738 1330 773 1354 96
798 1327 860 1355 Nic.
878 1328 905 1355 Z
920 1330 983 1356 396.
1022 1328 1089 1356 Huc
1117 1329 1256 1364 pertinent
1285 1329 1352 1362 loci,
1382 1327 1430 1356 ubi
1455 1337 1553 1356 nomen
1579 1328 1715 1364 repetitur

159 1374 321 1408 pronomine
346 1372 410 1399 Nic.
427 1372 461 1399 Π
469 1374 525 1400 463
554 1372 741 1408 Θρασύὸημον
767 1388 806 1392 -
832 1373 879 1400 τὸν
898 1372 977 1409 βάλε]
1001 1388 1036 1393 -
1056 1374 1116 1400 κατ’
1141 1365 1312 1409 ἐπανάληψιν
1331 1373 1387 1400 εἷπε
1415 1373 1469 1406 ,τὸν
1491 1373 1557 1407 βάλε
1580 1373 1713 1408 νείαιραν.

160 1417 291 1455 Inprimis
311 1421 442 1446 nota-ntur
455 1418 518 1453 loci,
536 1417 584 1446 ubi
604 1418 726 1446 formula¹
745 1418 761 1446 ό
781 1418 812 1446 ὁὲ
827 1418 981 1447 subiectum
995 1418 1068 1455 quod
1083 1418 1222 1451 antecedit
1235 1416 1425 1455 repetitur“):
1446 1417 1496 1445 Ar.
1513 1417 1541 1445 E
1554 1419 1609 1445 734
1628 1418 1715 1453 αῧτὰρ

158 1465 287 1499 Ἀθηναίη
309 1480 344 1483 -
365 1466 381 1499 ἡ
403 1463 445 1500 δὲ]
467 1480 503 1484 -
524 1465 673 1499 ἐπανέλαβε
692 1465 756 1499 γὰρ,
777 1465 817 1494 ὡς
836 1465 902 1494 ἔθος
926 1465 1000 1499 αὐτῷ
1023 1465 1070 1492 τὸν
1092 1465 1154 1500 περὶ
1170 1465 1289 1500 Ἀθηνᾶς
1312 1465 1404 1500 λόγον,
1428 1464 1479 1492 Ar.
1496 1464 1594 1491 11467
1621 1465 1662 1492 ὅτι
1685 1465 1715 1496 ἐξ

160 1510 358 1545 ἑπαναλήψεως
381 1509 411 1536 τὸ
435 1510 543 1545 ἄρθρον
569 1510 662 1545 εἶληφε
685 1510 754 1537 κατὰ
777 1514 824 1537 τοῦ
845 1510 928 1537 αὐτοῦ
947 1511 1098 1545 προςώπου
1121 1510 1167 1537 καὶ
1191 1511 1224 1537 οὐ
1247 1510 1309 1545 περὶ
1331 1511 1424 1545 ἑτέρου
1447 1510 1525 1544 λέγει,
1549 1509 1598 1537 Ar.
1618 1510 1645 1537 Φ
1658 1511 1713 1537 349

160 1556 199 1583 ὅτι
222 1556 302 1583 πάλιν
325 1556 495 1591 ἕπανέλαβεν.
535 1555 600 1584 Did.
608 1554 647 1592 ⁸⁷)
672 1555 700 1583 Γ
713 1558 748 1583 18
772 1556 815 1583 ὀεῖ
832 1571 869 1576 -
893 1559 964 1584 νοεῖν
987 1556 1017 1583 τὸ
1037 1556 1146 1592 ἄρθρον
1165 1556 1195 1587 ἐξ
1214 1556 1413 1591 ἔπαναλήψεως
1431 1556 1652 1591 παρειλημμένον
1671 1556 1715 1584 ἐπὶ

159 1605 207 1628 τοῦ
231 1601 314 1628 αὐτοῦ
341 1602 501 1636 προςώπου,
528 1601 591 1629 Nic.
611 1601 702 1628 Y463
727 1602 945 1636 ἐπαναλαμβάνει
969 1602 1013 1628 διὰ
1037 1606 1085 1629 τοῦ
1108 1602 1132 1634 ,ὅ
1156 1602 1186 1629 δὲ
1214 1602 1357 1636 φασγάνῳ’
1380 1602 1419 1631 ὡς
1447 1602 1553 1629 εἴωθεν.
1579 1617 1615 1622 -
1639 1602 1713 1630 conf.

160 1647 369 1683 ἀναλαμβάνειν.

296 1700 393 1736 Neque
419 1701 509 1728 minus
536 1710 570 1728 en
596 1701 792 1737 epanalepseos
817 1702 927 1728 nomine
948 1700 1216 1736 comprehenduntur
1236 1701 1373 1736 exempla,
1397 1700 1445 1727 ubi
1465 1710 1520 1728 non
1541 1701 1616 1728 idem
1635 1710 1715 1728 voca-

160 1746 254 1774 bulum
279 1746 321 1774 bis
341 1746 443 1782 legitur
463 1746 511 1775 sed
532 1756 712 1783 synonymum
734 1746 858 1781 additur,
883 1755 953 1783 quae
973 1746 1062 1782 figura
1082 1747 1151 1774 alias
1171 1746 1325 1781 ὀισσολογία
1346 1743 1432 1774 audit.
1453 1746 1502 1774 Ar.
1517 1747 1537 1773 Δ
1552 1748 1609 1774 418
1629 1747 1668 1774 ὅτι
1687 1747 1716 1778 ἐξ

296 1862 323 1890 ⁶³)
341 1862 375 1885 sic
390 1862 438 1885 fere
455 1862 606 1885 scribendum
624 1862 685 1885 conf.
701 1862 765 1890 spec.
783 1861 799 1884 Ι
811 1869 834 1890 p.
851 1862 888 1884 65.

298 1899 327 1929 ⁶⁴)
344 1899 406 1922 conf.
422 1899 510 1923 Friedl.
526 1900 557 1922 ad
572 1899 626 1923 Nic.
642 1900 665 1922 Β
676 1901 730 1922 497.

298 1937 326 1967 ⁸⁶)
343 1937 499 1967 Simmeber.
515 1945 538 1967 p.
555 1938 599 1961 291
617 1945 682 1967 sequ.

296 1975 325 2005 ⁶⁶)
342 1976 511 1999 Friedluender
526 1976 557 1999 ad
573 1976 646 2000 Arist.
662 1976 746 1999 1⁴:⁷34.

296 2014 326 2044 ο7)
342 2015 371 2038 Α,
387 2015 491 2038 Roemer
504 2014 622 2045 Beitrdqe,
639 2015 722 2044 Progr.
734 2014 853 2044 Kempten
867 2015 934 2042 1892,
949 2022 972 2044 p.
985 2016 1012 2038 21
1031 2015 1088 2038 haec
1105 2015 1178 2038 verba
1193 2016 1291 2044 propter
1307 2023 1374 2038 usum
1392 2016 1466 2045 ipsius
1482 2014 1590 2038 vocabuli
1606 2013 1713 2042 ἐπαναλή-

158 2061 235 2081 ψεως,
258 2055 283 2075 ut
302 2054 332 2075 sit
351 2054 466 2076 terminus
485 2054 619 2080 achaicus,
639 2060 710 2082 quem
727 2053 821 2079 dicunt,
842 2053 984 2080 Aristonici,
1004 2061 1052 2076 non
1068 2053 1166 2082 Didymi
1186 2054 1228 2076 sed
1244 2054 1375 2076 Aristonici
1394 2061 1443 2076 esse
1459 2055 1548 2081 censen
1570 2054 1593 2075 et
1608 2052 1714 2081 profecto

159 2091 219 2113 ratio
236 2098 289 2113 cum
307 2092 402 2114 dicendi
418 2093 467 2114 tum
484 2091 664 2121 argumentandi
680 2091 709 2114 nb
726 2091 862 2114 Aristonico
880 2098 928 2114 non
945 2092 1022 2115 alienu
1038 2094 1079 2115 est.
1112 2091 1159 2114 Sed
1176 2092 1239 2114 haud
1254 2092 1305 2115 scio
1322 2099 1352 2114 au
1368 2092 1440 2115 verbs
1455 2098 1503 2114 non
1519 2092 1610 2120 integr·
1625 2090 1678 2112 sint.
