1883 2394
1686 145 1721 171 13

306 221 503 250 Memorabiles
528 223 555 250 ei
581 225 645 251 sunt
663 222 730 258 loci,
754 222 802 250 ubi
821 232 915 251 versus
935 224 1022 260 aliqui
1041 226 1154 260 propter
1172 223 1244 251 hanc
1263 224 1307 251 vel
1326 224 1404 251 illam
1424 233 1483 251 rem
1502 228 1643 260 suspectus
1663 234 1722 253 esee

168 268 325 304 videbatur,
353 277 437 296 causa
460 277 515 305 qun
539 269 601 305 quis
624 268 761 308 adductus
784 269 986 306 adscripsisset‚
1014 270 1043 297 in
1067 279 1100 298 eo
1123 270 1215 306 posita
1238 278 1297 298 esse
1320 268 1476 304 videbatur,
1505 270 1580 307 quod
1598 274 1723 307 putasset

168 315 294 343 ἐλλείπειν
317 314 364 342 τὸν
386 315 479 350 λόγον,
505 316 688 351 interruptam
712 324 771 344 esse
795 317 963 344 orationem:
991 315 1044 343 Ar.
1060 316 1095 343 H
1104 317 1159 343 352
1183 318 1222 351 τῷ
1245 317 1279 343 οὔ
1299 316 1332 343 νύ
1351 327 1374 343 τι
1394 317 1503 351 κέρδιον
1522 317 1588 352 ἡμῖν
1607 317 1723 352 ἔλπομαι

168 360 336 388 ἐκτελέεσθαι
356 358 420 397 etc.]
441 360 582 394 ἀθετεῖται,
609 361 648 388 ὅτι
672 361 808 397 ἀγνοήσας
827 371 865 391 τις
884 361 923 388 ὅτι
943 362 1097 388 ὑπακοῦσαι
1117 361 1159 388 δεῖ
1175 364 1214 396 τῷ
1234 362 1268 388 οὔ
1287 361 1320 388 νύ
1339 372 1362 388 τι
1382 362 1490 397 κέρδιον
1509 363 1575 398 ἡμῖν
1593 362 1624 389 τὸ
1644 363 1722 396 ἔσται,

168 406 209 436 ὡς
228 405 393 436 ἐλλείποντος
411 409 460 433 τοῦ
479 406 562 442 λόγου
581 407 850 443 προςανεπλήρωσεν.
888 406 949 435 Neo
968 408 1059 435 minus
1078 410 1192 443 putatur
1211 407 1333 443 aliquem
1353 406 1485 435 adiecisse
1508 408 1535 435 Φ
1549 410 1604 435 570
1626 408 1654 435 Ω
1666 410 1722 436 205

169 453 209 483 ὡς
228 453 392 483 ἐλλείποντος
411 456 458 480 τοῦ
477 453 568 488 λόγου,
594 457 622 481 et
642 454 669 481 Ω
681 455 718 481 45
738 455 924 490 μετενήνεκται
944 454 997 481 ὑπό
1017 464 1088 483 τινος
1107 454 1267 489 νομίσαντας
1286 454 1412 481 ἐλλείπειν
1430 454 1476 481 τὸν
1495 454 1584 489 λόγον.

305 498 386 526 Alias
410 499 443 526 de
468 500 508 527 eis
533 499 632 535 quibus
656 500 723 535 quid
748 500 826 527 deest
846 500 949 528 dicitur
971 500 1128 535 κρέμασθαι
1152 503 1180 527 et
1200 500 1419 535 ἀποκρέμασθαι.
1458 499 1563 528 Similis
1583 504 1625 528 est
1644 501 1722 528 locus

167 543 220 571 Ar.
236 544 262 571 A
278 545 332 571 110
353 545 483 572 decretvm
503 546 542 572 ὅτι
562 546 709 580 αἰρομένου
728 546 825 572 τούτου
845 546 978 581 σύντομος
1003 547 1116 580 γίγνεται
1137 547 1152 581 ἡ
1177 546 1306 581 ἑρμηνεία
1326 545 1372 572 καὶ
1392 545 1472 572 οὐδὲν
1491 546 1592 576 ἐλλιπὲς
1612 547 1721 582 ἔχουσα,

168 589 242 625 quod
262 591 378 626 positive
398 589 501 618 dicitur
520 591 559 619 ὅτι
578 591 684 627 πλήρης
703 591 719 618 ὁ
738 591 820 627 λόγος
838 591 890 619 Ar.
910 592 937 619 A
953 593 1005 618 139
1027 592 1061 619 al.

306 636 389 663 Hanc
405 636 491 663 fuisse
508 645 620 664 causam
633 637 854 672 interpolationis
875 646 908 664 eo
928 638 1016 671 magis
1029 637 1209 664 Aristarchus
1230 636 1418 664 arbitrabatur
1438 637 1511 672 quod
1531 641 1590 664 tum
1609 647 1721 674 quoquc

168 682 294 709 nonnulli
307 682 375 709 locis
396 681 561 718 quibusdam
581 682 675 709 deesse
696 681 804 718 aliquid
823 691 912 718 neque
933 682 968 709 ad
988 681 1071 710 finem
1091 683 1246 710 orationem
1265 691 1324 710 esse
1342 682 1503 718 perductam
1517 683 1721 712 existimabant.

167 726 292 755 Nicanor
311 728 422 763 quidem
443 728 565 756 affirmat
584 728 611 755 A
626 729 681 755 290
700 743 739 747 —-
758 728 839 755 οὐδὲν
859 728 975 761 ἐλλείπει,
995 729 1036 758 ὡς
1054 728 1191 764 ᾠήθησάν
1209 739 1283 761 τινες,
1309 732 1337 755 et
1356 728 1453 756 eodem
1474 730 1588 757 consilio
1609 731 1720 758 Aristo-

168 773 245 800 nicus
269 777 351 808 negat
375 774 468 801 deesse
489 775 637 810 quicquam
657 774 686 801 Σ
701 775 755 801 283
776 774 842 801 οὐδέ
860 774 920 801 ποτ’
949 775 1083 809 ἐκπέρσει·
1106 775 1170 809 πρίν
1193 785 1239 809 μιν
1259 774 1339 804 κύνες
1359 775 1438 810 ἀγροὶ
1457 774 1573 812 ἔδονται]
1594 777 1611 811 ἡ
1632 776 1720 812 διπλῆ,

167 819 206 846 ὅτι
225 820 346 846 τοιοῦτόν
364 821 416 847 ἐστι
437 820 466 847 τὸ
486 820 640 855 λεγόμενον,
659 820 793 855 πρότερον
813 819 895 847 αὐτὸν
914 821 941 847 οἵ
960 820 1040 850 κύνες
1059 820 1215 847 κατέδονται
1235 822 1251 855 ἢ
1268 821 1398 855 ἐκπέρσει.
1431 821 1477 848 καὶ
1495 821 1546 848 οὐκ
1566 822 1635 849 ἔστιν
1654 822 1720 849 ἐλλι-

167 865 221 899 πὴς
240 865 256 891 ὁ
275 865 362 900 λόγος,
383 866 477 901 ὥσπερ
497 866 557 892 οὐδ’
579 866 621 893 ἐπ’
644 866 748 892 ἐκείνου
767 865 823 901 ,τὴν
841 865 926 900 δ’ἒγὼ
947 866 980 892 οὗ
1000 866 1082 898 λύσω,
1102 867 1166 901 πρίν
1185 877 1232 901 μιν
1251 866 1297 892 καὶ
1322 869 1408 901 γῆρας
1428 867 1533 894 ἔπεισιν’
1551 867 1590 903 (A
1605 867 1661 904 29).
1682 884 1719 887 -

168 910 242 938 conf.
266 911 445 946 παραλείπειν,
465 911 568 944 λείπειν,
588 911 741 946 παρίεσθαι,
762 911 868 942 ἔξωθεν
888 911 1042 938 ὑπακούειν.

304 958 329 984 2.
363 957 473 984 Deinde
496 958 526 984 in
552 966 619 985 voce
643 957 788 992 ἐλλείψεως
813 966 878 985 usus
902 957 1028 993 proprius
1054 957 1191 984 notandus
1216 960 1257 985 est
1281 957 1315 984 de
1340 958 1493 985 litterarum
1514 958 1669 987 desectione
1690 960 1718 987 in

167 1002 259 1029 medio
279 1001 468 1037 vocabulo²⁵),
501 1002 598 1030 eodem
628 1011 710 1030 sensu
734 1012 788 1038 quo
812 1006 961 1038 usurpatur
984 1003 1082 1035 ἔνδεια,
1107 1002 1221 1030 verbum
1240 1004 1362 1038 ἐξαιρεῖν,
1383 1012 1443 1038 opp.
1464 1004 1607 1034 ἕπε’νθεσις.
1628 1004 1715 1032 schol.

171 1047 196 1075 Θ
208 1049 264 1074 409
286 1046 429 1085 ἀελλόπος]
451 1048 511 1074 κατ’
534 1048 649 1083 ἔλλειψιν
668 1050 716 1075 τοῦ
735 1051 753 1074 F
773 1048 929 1078 ἀελλόπους.

303 1094 554 1129 ἒμπεριέχεσθαι
574 1095 718 1130 contineri,
747 1094 833 1122 schol.
855 1094 953 1121 A490
981 1097 1114 1130 κτητικοῖς
1138 1094 1189 1129 μὲν
1216 1094 1386 1130 προςτίθεται
1413 1095 1443 1122 τὸ
1473 1095 1526 1122 ὑπὸ
1552 1096 1600 1131 τὴν
1626 1099 1719 1132 κτῆσιν

166 1143 255 1167 πεσεῖν
275 1140 433 1175 δυνάμενον,
453 1143 673 1175 πατρωνυμικοῖς
693 1140 723 1167 δὲ
743 1141 932 1176 ἐμπεριέχεται.

303 1186 490 1220 ἔμπροσθεν
506 1194 602 1220 supra3
623 1185 676 1212 hoo
692 1185 823 1212 adverbio
840 1185 875 1212 ad
888 1186 1009 1220 priorem
1022 1185 1070 1212 ubi
1084 1186 1150 1221 quid
1164 1186 1267 1213 dictum
1283 1189 1324 1213 est
1344 1187 1435 1213 locum
1454 1188 1603 1214 remittitur
1625 1187 1713 1221 (conf.

166 1229 240 1266 ἅνω)
261 1233 289 1257 et
304 1230 377 1266 apud
391 1230 582 1258 Aristonicum
595 1231 635 1258 ita
651 1234 682 1258 ut
698 1231 829 1267 temporis
843 1231 919 1258 notio
933 1231 1092 1267 praevaleat
1111 1230 1146 1257 Π
1154 1232 1209 1258 432
1230 1231 1263 1258 οὗ
1281 1231 1344 1258 δεον
1357 1232 1487 1267 ἐπιζητεῖν
1501 1234 1562 1262 πῶς
1581 1234 1598 1268 ἡ
1617 1232 1719 1268 μικρὸν

166 1277 322 1312 ἔμπροσθεν
341 1277 384 1303 ἐπὶ
403 1276 450 1303 τὸν
464 1276 607 1312 Ὄλυμπον
626 1280 878 1312 παρακεχωρηκυῖα
898 1279 947 1304 ’νῦν
966 1278 1009 1304 ἐπὶ
1028 1280 1075 1312 τῆς
1090 1277 1162 1312 Ἰὸης
1182 1278 1257 1310 ἐστίν,
1277 1277 1351 1305 conf.
1367 1277 1418 1305 Ar.
1436 1278 1465 1305 Σ
1477 1280 1530 1305 155
1544 1279 1580 1306 81.
1612 1278 1718 1306 Contra

166 1322 221 1349 loci
241 1322 317 1349 notio
337 1321 430 1349 subest
450 1322 535 1349 schol.
556 1322 581 1349 O
599 1323 652 1349 153
679 1322 758 1349 τοῦτό
786 1323 839 1349 ἔστι
864 1322 894 1349 τὸ
918 1323 1002 1358 νέφος
1028 1323 1097 1357 ὑπὲρ
1120 1322 1154 1349 οὗ
1178 1323 1321 1358 ἔμπροσθέ
1346 1333 1414 1358 φησι
1431 1327 1494 1358 etc„
1522 1324 1607 1351 schol.
1623 1324 1648 1352 Ο
1663 1326 1717 1351 189

166 1368 212 1395 καὶ
238 1368 395 1403 ἔμπροσθεν
421 1368 483 1403 περὶ
509 1368 606 1395 τούτου
634 1369 741 1404 εἴρηται.
781 1369 810 1396 ἒν
836 1371 891 1399 τοῖς
919 1369 1087 1404 ἔμπροσθεν,
1115 1369 1144 1396 in
1172 1369 1211 1396 eis
1236 1378 1307 1405 quae
1333 1369 1513 1405 praecedunt,
1537 1369 1602 1397 Did.
1622 1370 1650 1397 Z
1662 1371 1716 1398 121

166 1415 262 1442 Ν257
284 1414 335 1441 Ar.
352 1414 371 1440 I
383 1416 444 1441 657.

301 1460 471 1495 ἐμφαίνειν
491 1460 611 1495 speciem
630 1459 771 1495 praebere,
797 1461 947 1495 ἔμφασις,
968 1461 1168 1496 ἐμφανίζειν,
1189 1460 1345 1496 ἐμφανής.

305 1508 327 1532 1.
347 1504 397 1532 Ar.
415 1505 449 1532 H
459 1506 590 1532 97-100
604 1506 763 1533 ἀθετοῦνται
776 1522 820 1539 —,
841 1506 907 1533 διότι
927 1506 996 1533 κατὰ
1010 1506 1155 1542 διασκευὴν
1175 1507 1337 1542 ἐμφαίνουσι
1357 1507 1517 1543 γεγράφθαι.
1546 1506 1617 1535 Cum
1630 1509 1717 1544 parti-

167 1553 240 1588 cipio
260 1552 313 1579 hoc
332 1551 445 1578 verbum
465 1551 640 1586 coniungitur
660 1552 708 1588 (=
726 1553 852 1588 apparet)
875 1561 898 1579 e.
922 1561 947 1587 g.
967 1552 1016 1579 Ar.
1031 1552 1049 1579 Ι
1061 1553 1116 1579 347
1141 1552 1167 1579 Λ
1183 1553 1247 1580 430.
1287 1551 1342 1580 Sed
1370 1556 1427 1580 tum
1451 1553 1623 1589 potissimum
1647 1554 1717 1582 haec

168 1597 249 1624 verba¹
272 1600 450 1632 usurpantur,
474 1606 537 1624 cum
560 1597 696 1624 vocabulo
720 1602 769 1624 aut
792 1600 851 1625 tota
870 1597 962 1624 forma
982 1598 1093 1624 dicendi
1113 1598 1206 1633 opinio
1227 1599 1376 1631 excitatur,
1403 1607 1474 1634 quae
1494 1608 1586 1626 rerum
1605 1601 1718 1627 veritati

165 1651 220 1669 non
234 1640 428 1677 respondet¹⁶).
454 1641 504 1668 Ar.
518 1642 545 1667 Β
558 1643 613 1668 809
629 1644 713 1669 πᾶσαι
729 1658 762 1661 -
777 1641 869 1679 πύλαι]
886 1643 925 1669 ὅτι
941 1643 1059 1677 ἔμφασιν
1075 1643 1128 1677 ἔχει
1143 1642 1254 1669 πολλῶν
1266 1643 1368 1675 πυλῶν,
1381 1644 1431 1678 μία
1445 1643 1475 1670 δέ
1488 1644 1547 1676 ἐστι,
1561 1644 1608 1670 καὶ
1620 1645 1674 1671 ἔστι
1687 1645 1717 1671 τὸ

164 1690 248 1715 πᾶσαι
268 1687 324 1715 ἀντὶ
342 1689 390 1714 τοῦ
409 1687 475 1714 ὅλαι.
492 1686 565 1715 conf.
584 1687 636 1715 Ar.
652 1688 679 1715 B
693 1689 748 1715 299
768 1688 797 1715 Γ
811 1690 844 1715 75
866 1688 893 1715 Ζ
906 1689 958 1715 169
983 1687 1008 1715 Θ
1023 1689 1076 1714 108
1096 1687 1121 1715 Ο
1133 1689 1198 1722 470,
1222 1692 1250 1715 et
1263 1688 1377 1716 verbum
1391 1689 1530 1724 ἐμφαίνειν
1543 1688 1595 1717 Ar.
1612 1689 1642 1717 E
1653 1692 1717 1718 875.

302 1735 327 1760 2.
351 1732 382 1760 Si
402 1733 507 1768 species
526 1733 675 1769 respondet
693 1735 812 1768 veritati,
837 1735 976 1769 ἐμφαίνειν
995 1744 1017 1761 τι
1031 1733 1147 1761 eandem
1160 1735 1216 1761 vim
1229 1734 1314 1761 habet
1328 1744 1412 1770 quam
1425 1735 1532 1770 δηλοῦν,
1553 1735 1717 1771 significare,

163 1787 282 1814 quocum
295 1779 450 1814 promiscue
464 1781 612 1814 usurpatur
624 1778 709 1806 schol.
718 1779 752 1806 Π
757 1781 812 1807 352
827 1780 892 1807 ὅταν
904 1780 965 1810 ἑνὸς
978 1779 1081 1815 ἔφοδον
1094 1780 1215 1815 δηλῶσαι
1229 1780 1302 1807 θέλει
1314 1796 1346 1800 -
1363 1783 1412 1807 νῦν
1427 1781 1457 1808 δὲ
1470 1781 1517 1815 τὴν
1530 1783 1579 1808 τοῦ
1591 1781 1717 1817 πλήθους

162 1825 282 1861 ἐμφῆναι
309 1825 464 1860 βουληθείς,
492 1833 575 1861 porro
605 1824 657 1852 Ar.
685 1825 713 1852 Ω
733 1827 786 1853 257
811 1825 939 1862 *Ὄμηρος
965 1826 1009 1853 διὰ
1039 1828 1087 1853 τοῦ
1114 1826 1240 1853 ἐπιθέτου
1267 1826 1475 1863 (ἱππιοχάρμης)
1502 1827 1602 1855 τέλειον
1629 1828 1716 1863 ἄνδρα

161 1871 292 1906 ἐμφαίνει,
312 1876 340 1899 et
353 1872 435 1899 simil.
458 1871 508 1899 Ar.
523 1872 549 1898 Z
563 1873 616 1898 183
637 1872 739 1899 M230
758 1871 822 1899 Nic.
840 1872 866 1899 A
881 1874 935 1899 227
957 1872 1053 1899 Ν107
1075 1872 1142 1899 Did.
1160 1872 1263 1899 M428
1283 1873 1369 1901 schol.
1384 1873 1474 1901 3210
1490 1875 1544 1900 765
1557 1873 1582 1901 Ο
1597 1876 1620 1901 1.
1651 1873 1715 1901 Hoc

161 1925 241 1944 sensu
261 1918 418 1953 ἐμφανίζειν
438 1917 523 1945 schol.
542 1917 576 1945 K
587 1919 640 1945 123
666 1917 767 1945 Ψ232.
788 1918 861 1945 conf.
882 1919 967 1946 etiam
987 1919 1135 1954 ἐπιφαίνειν
1155 1922 1183 1946 et
1201 1920 1406 1955 παρεμφαίνειν.

296 2030 324 2060 ¹⁶)
348 2031 498 2055 Herodianus
522 2032 566 2055 hac
589 2039 647 2055 voce
671 2032 745 2055 utitur
761 2032 832 2055 etiam
853 2032 882 2055 de
902 2033 972 2055 initio
997 2032 1068 2062 (conf.
1092 2032 1228 2061 Lentzinm,
1249 2033 1341 2064 proleg.
1357 2041 1381 2063 p.
1397 2033 1559 2063 LXXXVIII)
1584 2035 1606 2056 et
1622 2033 1650 2056 de
1667 2033 1713 2056 fine

158 2068 268 2091 vocabuli
284 2069 351 2098 (ibid.
367 2078 390 2099 p.
407 2070 479 2097 XCI).

297 2107 324 2136 ¹²⁶)
341 2116 391 2131 rem
407 2110 486 2139 tetigit
501 2110 620 2136 Lehrsius,
636 2109 709 2132 Arist.
726 2117 749 2138 p.
761 2111 798 2132 (53.
