1883 2394
173 104 208 130 14

309 187 407 217 Solent
426 187 558 216 accedere
579 188 770 224 comparativi,
794 187 841 216 ubi
856 186 890 215 de
905 187 1011 216 duabus
1025 188 1082 216 sive
1098 187 1262 216 lectionibus
1279 188 1335 216 sive
1355 188 1554 225 pronuntiandi
1573 187 1728 217 rationibus

169 238 233 262 utra
258 234 456 270 significantius
480 243 540 261 rem
564 233 692 261 ostendat
720 234 896 261 diiudicatur.
945 235 1050 269 μᾶλλον
1077 235 1217 269 ἐμφαίνειν
1243 245 1266 262 τι
1289 234 1352 262 Nic.
1369 236 1395 262 A
1414 236 1468 262 231
1493 235 1605 262 Γ151*
1632 234 1658 262 Θ
1672 236 1726 262 106

169 280 255 308 1371
277 279 375 307 1131*
389 281 443 307 686
463 279 568 314 2591,
587 280 789 315 ἐμφανέστερον
808 282 894 306 ποιεῖν
913 279 976 306 Nic.
1000 280 1027 306 Z
1039 281 1102 315 396,
1127 280 1349 315 ἑμφατικώτερον
1368 280 1469 315 ὀηλοῦν
1489 280 1539 308 Ar.
1558 280 1586 307 Ω
1600 282 1624 307 6.

307 326 372 355 Hoc
395 335 476 355 sensu
500 326 641 362 ἐμφαίνειν
664 327 840 362 coniungitur
864 335 926 354 cum
950 326 989 354 ὅτι
1014 326 1100 355 schol.
1127 326 1154 354 Β
1172 327 1225 354 243
1250 326 1279 354 Σ
1295 326 1369 355 266*
1389 328 1418 355 et
1440 327 1481 357 ὡς
1505 326 1590 355 schol.
1611 326 1643 354 X
1659 327 1723 354 146.

170 373 261 401 Subst.
281 374 398 408 ἔμφασις
417 372 550 400 habemus
564 372 614 400 Ar.
630 372 658 399 B
671 374 726 399 670
747 373 863 399 πλοῦτον
882 374 1010 407 κατέχευε
1027 371 1170 409 Κρονίων]
1192 387 1229 392 -
1246 373 1372 408 Ὁμήρου
1391 376 1535 408 μεταφορᾷ
1555 374 1727 409 κεχρημένου

170 418 214 445 διὰ
231 420 279 445 τοῦ
292 418 418 453 κατέχευε
430 417 501 452 πρὸς
514 418 633 453 ἔμφασιν
645 420 694 444 τοῦ
709 418 835 444 πλούτου.
855 417 931 444 conf.
947 417 998 444 Ar.
1015 417 1040 445 Ο
1053 419 1107 445 622
1129 417 1214 444 schol.
1231 418 1266 444 H
1279 419 1330 451 563
1350 418 1403 445 hoc
1419 427 1500 445 sensu
1514 419 1597 445 etiam
1611 418 1727 448 ἔνδειξις.

307 467 332 493 3.
357 463 436 493 Solet
448 463 573 492 Nicanor
587 463 713 492 absolute
728 464 819 492 dicere
833 464 937 500 μᾶλλον
950 464 1081 500 ἐμφαίνει,
1102 472 1164 491 cum
1178 466 1254 492 certa
1268 463 1444 493 distinctione
1460 473 1504 492 res
1524 462 1725 500 significantius

169 511 326 539 declaratur
349 511 376 538 B
394 512 448 538 112
468 512 522 537 337
541 512 596 537 542
623 510 657 537 H
670 512 725 538 346
756 510 781 538 Θ
796 513 850 537 152
875 511 900 537 Λ
921 513 955 537 12
974 512 1028 538 119
1047 514 1097 538 etc.
1122 509 1214 538 Semel
1238 510 1304 538 Did.
1322 511 1346 538 O
1362 512 1425 538 563.
1466 510 1518 538 Vel
1538 511 1725 546 interpunctio

169 556 376 584 commendatur
399 555 469 591 πρὸς
492 556 611 591 ἔμφασιν
631 555 693 583 Nic.
707 556 811 583 1350*
831 556 857 582 A
872 556 946 583 689*
970 556 1012 590 (Φ
1026 554 1093 591 324)
1117 559 1144 582 et
1168 555 1316 583 accedente
1342 557 1529 592 comparativo
1549 556 1659 583 πλείονα
1678 557 1725 590 ἔμ-

169 613 251 638 φασιν
270 603 428 638 παριστάναι
448 601 510 629 Nic.
527 601 561 629 K
571 603 626 629 437
648 606 677 630 et
697 602 824 629 similiter
843 602 877 629 N
887 602 942 629 95*
965 601 990 630 Ο
1004 604 1058 630 309
1079 601 1113 628 Π
1121 602 1167 629 46.
1212 601 1294 629 Conf.
1318 602 1402 629 etiam
1422 603 1539 638 ἔμφασις
1558 600 1657 629 A1.H
1671 602 1723 629 161

168 649 195 675 Ρ
208 651 258 675 172
280 648 308 675 Ω
321 650 375 674 205
398 647 463 674 Did.
481 647 507 675 Θ
521 648 597 674 449*
618 648 704 675 schol.
725 648 835 674 M177.

304 692 510 720 Creberrimum
530 692 577 720 ubi
598 693 747 720 adnotatur
766 692 872 728 aliquid
892 693 1079 728 significanter
1098 697 1126 721 et
1145 702 1259 721 nervose
1279 693 1335 720 dici
1356 697 1397 720 est
1417 693 1584 720 adiectivum

303 739 483 775 ε’μφατικός
504 738 565 767 adv.
589 740 788 775 ἐμφατικῶς,
810 748 871 775 opp.
890 739 1083 775 ἀνέμφατος.
1116 739 1182 767 Did.
1196 740 1222 767 A
1239 741 1292 766 108
1308 741 1362 766 553
1383 739 1533 775 ἒμφατικὸν
1552 739 1582 766 τὸ
1602 739 1663 766 οὔτε
1683 739 1724 769 δὶς

166 785 358 821 mamam)
380 785 450 813 conf.
464 785 530 813 Did.
544 786 571 812 Β
585 787 640 812 420
660 785 685 813 Ο
697 787 734 812 44
754 785 802 812 Ar.
819 785 838 812 Ι
848 787 883 812 44
909 785 935 813 Θ
949 787 1003 812 209
1024 785 1085 814 Nic.
1099 786 1124 812 Α
1139 787 1176 812 30
1196 786 1215 812 Ι
1228 787 1283 812 375
1304 785 1338 812 Π
1351 787 1385 812 81
1403 787 1456 813 128
1470 787 1525 812 492
1547 785 1631 813 schol.
1645 785 1672 812 Β
1685 788 1719 812 41

165 832 194 860 Ε
207 834 259 860 113
282 832 380 867 Τ386,
406 831 466 860 adv.
486 831 573 859 schol.
594 831 620 858 Β
634 832 688 859 267
710 829 885 868 ἐξυπανέστη]
907 847 942 850 -
963 832 1121 867 ἐμφατικῶς
1141 832 1181 862 ὡς
1200 831 1230 858 τὸ
1251 831 1427 864 ὕπεξαναόύς,
1449 831 1522 859 conf.
1538 831 1621 859 schol.
1638 831 1656 858 I
1667 832 1722 858 496

166 879 263 906 K522
284 878 349 906 Did.
365 879 394 906 Σ
406 880 470 913 207,
495 879 652 914 ἀνέμφατος
671 878 721 905 Ar.
736 878 768 905 Π
780 880 842 906 123.

302 925 459 959 ἐμφέρεια
479 924 641 957 similitudo,
667 924 750 951 schol.
765 924 798 950 H
809 926 844 950 93
864 924 935 959 πρὸς
955 925 1134 959 ἀντιστρόφου
1154 925 1307 959 ἐμφέρειαν.

301 970 455 1005 ἕμφέρειν
479 969 594 996 inferre.
637 969 671 996 ln
696 969 738 996 his
763 969 875 996 scholiis
895 979 949 997 non
971 970 1092 997 occurrit
1118 970 1170 997 nisi
1194 971 1344 1005 passivum,
1370 969 1417 996 ubi
1442 969 1562 997 formam
1583 970 1721 1005 quandam

166 1025 219 1043 non
240 1016 356 1042 inveniri
377 1015 539 1042 adnotatur:
571 1014 635 1042 Did.
652 1015 681 1041 Γ
693 1017 749 1041 406
774 1015 834 1042 οὔτε
859 1015 888 1041 ἐν
911 1018 967 1045 ταῖς
988 1015 1193 1050 Ἀρισταρχείοις
1217 1016 1278 1042 οὔτε
1298 1015 1327 1041 ἓν
1347 1016 1424 1050 ἑτέρᾳ
1443 1017 1499 1042 τῶν
1519 1019 1586 1049 γοῦν
1604 1016 1722 1050 μετρίων

165 1061 354 1096 ἐμφερόμενον
377 1059 552 1096 πέφυκενῖθ),
577 1061 602 1087 Λ
623 1062 673 1087 101
700 1061 739 1095 μὴ
765 1061 933 1095 ἐμφέρεσθαι
954 1061 984 1087 δέ
1008 1071 1091 1095 φησιν
1111 1061 1126 1087 ὁ
1150 1061 1322 1096 Ἀρίσταρχος
1342 1065 1390 1087 νῦν
1411 1061 1439 1087 ἓν
1458 1064 1513 1090 τοῖς
1533 1060 1720 1088 Ποσειδίππου

165 1107 348 1141 ἐπιγράμμασι
375 1106 422 1132 τὸν
450 1106 582 1141 Βήρισον,
615 1106 673 1132 ἀλλ’
707 1106 736 1132 ἐν
767 1108 805 1140 τῷ
836 1106 976 1140 λεγομένῳ
1008 1108 1093 1140 σωρῷ
1121 1106 1219 1140 εὑρεῖν,
1252 1105 1323 1132 unde
1353 1106 1444 1132 elucet
1471 1105 1633 1133 tantundem
1661 1106 1720 1133 sere

164 1153 255 1180 valere
276 1152 446 1187 ἐμφέρεοθαι
466 1155 549 1187 atque
570 1152 749 1186 εὑρίσκεσθαι,

299 1199 328 1224 ἔν
353 1207 446 1224 unum.
471 1197 538 1224 Did.
563 1197 596 1224 N
609 1199 664 1224 359
689 1198 731 1224 ἐπ’
754 1196 944 1234 ἀμφοτέροισι]
967 1198 1051 1233 διχῶς
1067 1198 1251 1233 Ἀρίσταρχος,
1272 1198 1318 1225 καὶ
1338 1198 1379 1225 ἐπ’
1402 1198 1544 1232 ἀλλήλοισι.
1583 1199 1614 1225 ἓν
1633 1198 1663 1225 ὁὲ
1683 1198 1717 1224 (δι’

165 1244 330 1279 ἀμφοτέρων
349 1243 380 1270 τὸ
400 1243 548 1277 λεγόμενον
568 1251 662 1270 sensus
682 1242 755 1270 idem
776 1244 804 1270 in
818 1246 935 1278 utroque
949 1244 1028 1278 inest,
1047 1243 1120 1279 quod
1135 1243 1201 1270 Did.
1215 1243 1242 1270 B
1254 1244 1309 1270 415
1331 1243 1439 1270 δύναιτο
1460 1243 1522 1270 δ’ἃν
1542 1243 1588 1269 καὶ
1608 1243 1652 1270 διὰ
1672 1246 1720 1270 τοῦ

163 1293 263 1326 πρῆσαι
276 1289 373 1317 ταύτὸν
389 1289 542 1325 δηλοῦσθαι
560 1288 608 1325 (sc.
622 1291 661 1324 τῷ
673 1288 802 1325 πλῆσαι);
823 1288 896 1317 conf.
917 1289 932 1317 ὁ
953 1289 1040 1320 αὐτός.
1077 1288 1170 1317 Semel
1183 1290 1214 1317 ἓν
1233 1290 1263 1321 ἐξ
1283 1289 1449 1325 ἀμφοτέρων
1468 1288 1498 1316 τὸ
1519 1289 1720 1325 σημαινόμενον

163 1336 247 1363 schol.
269 1336 284 1362 1
298 1337 361 1363 327.
398 1335 506 1363 Ceteris
524 1336 600 1369 locis,
621 1335 668 1362 ubi
689 1339 730 1362 est
749 1337 779 1362 ἓν
798 1337 828 1367 ἐξ
848 1336 1021 1371 ἀμφοτέρων,
1041 1345 1085 1363 res
1105 1337 1187 1363 aliter
1207 1345 1264 1364 sese
1285 1335 1369 1363 habet
1382 1334 1431 1363 Ar.
1445 1335 1473 1362 E
1485 1337 1539 1362 289
1560 1336 1720 1371 ταλαύρινον

162 1380 336 1417 πολεμιστήν]
358 1396 395 1400 -
416 1381 445 1407 ἔν
465 1382 535 1407 ἐστιν
554 1381 585 1411 ἐξ
604 1381 771 1415 ἀμφοτέρων
791 1390 846 1407 una
860 1381 1021 1416 exprimitur
1042 1381 1147 1408 duabus
1161 1381 1274 1408 vocibus
1294 1382 1378 1408 notio.
1412 1380 1529 1416 Saepius
1549 1381 1602 1408 hoc
1622 1382 1719 1407 statuit

162 1425 299 1453 Nicanor:
333 1426 425 1453 Y396
450 1425 550 1453 ἐσθλὸν
570 1425 721 1461 ἀλεξητῆρα
741 1424 845 1462 μάχης]
867 1426 898 1453 ἐκ
918 1428 973 1453 τῶν
992 1428 1075 1461 τριῶν
1094 1426 1195 1457 λέξεων
1214 1427 1245 1453 ἓν
1264 1427 1397 1461 σημαίνει,
1422 1427 1451 1453 ἐν
1470 1426 1584 1461 πολέμῳ
1604 1426 1718 1461 ἀγαθόν,

162 1473 256 1507 itaque
277 1473 401 1507 συναφήν
421 1473 512 1507 ponit,
539 1471 575 1498 M
585 1474 641 1498 446
666 1471 792 1506 πρυμνὸς
815 1471 914 1506 παχὺς,
939 1472 1024 1507 αὐτὰρ
1047 1472 1167 1507 ὕπερθεν
1187 1471 1251 1503 ὀξὺς
1271 1470 1331 1508 ἔην]
1353 1487 1390 1491 -
1410 1473 1441 1499 ἓν
1459 1471 1490 1499 τὸ
1510 1472 1718 1507 σημαινόμενον,

161 1517 230 1543 κατὰ
250 1517 280 1543 τὸ
299 1518 411 1551 ἔσχατον
430 1517 530 1551 παχύς,
557 1517 625 1543 κατὰ
650 1517 680 1543 δὲ
700 1517 730 1543 τὸ
750 1517 842 1551 ἕτερον
862 1517 937 1549 ὀξύς,
962 1517 1035 1544 conf.
1055 1517 1120 1544 Nic.
1139 1517 1238 1544 N237
1265 1517 1356 1543 Y437
1381 1519 1412 1544 ἓν
1435 1518 1465 1547 ἐξ
1484 1518 1651 1552 ἀμφοτέρων
1670 1518 1717 1552 ὂη-

160 1562 259 1589 λοῦται.
293 1562 357 1590 Hoc
370 1571 450 1590 sensu
464 1562 499 1589 δι’
522 1562 689 1598 ἀμφοτέρων
708 1563 739 1589 ἓν
759 1562 886 1597 δηλοῦται
908 1562 944 1588 Μ
957 1564 1017 1595 167,
1038 1562 1085 1590 sed
1098 1562 1208 1590 videtur
1221 1571 1255 1589 ex
1268 1561 1408 1590 Nicanore
1429 1566 1588 1598 corruptum
1609 1561 1717 1596 essem).

161 1608 229 1635 Huc
243 1617 352 1643 quoque
366 1608 550 1636 revocandum
571 1608 597 1635 P
607 1610 623 1635 5
644 1608 693 1643 ὑφ’
715 1610 746 1636 ἓν
759 1609 793 1643 δὴ
810 1609 988 1643 προενεκτέον
1008 1609 1191 1643 ,πρωτοτόκος
1204 1610 1315 1644 κινυρή’,
1336 1609 1427 1644 ἡπερὶ
1446 1609 1493 1636 τὸν
1512 1609 1594 1636 τόκον
1613 1609 1717 1643 κινυρά,

160 1662 320 1688 quanquam
340 1662 373 1680 ne
393 1653 446 1680 hoc
466 1653 578 1688 quidem
598 1652 784 1689 integrumffl).
826 1653 873 1680 Ad
895 1653 1011 1680 eandem
1030 1662 1090 1680 rem
1110 1653 1318 1688 significandam
1337 1654 1515 1681 Aristonicus
1535 1654 1605 1681 dicit
1624 1654 1716 1689 ἀμφό-

158 1709 222 1734 τερα
248 1698 319 1733 πρὸς
345 1699 376 1725 ἓν
398 1698 512 1733 ληπτέον
538 1699 571 1726 Ν
584 1701 638 1726 415
667 1702 695 1726 et
717 1699 787 1734 πρὸς
811 1700 841 1726 ἓν
867 1699 982 1734 ληπτέον
1000 1699 1086 1734 μέρος
1106 1698 1139 1726 K
1150 1700 1215 1726 505.
1257 1699 1291 1726 Π
1304 1701 1358 1726 180
1379 1700 1408 1727 in
1428 1699 1523 1727 codiee
1537 1694 1599 1726 est:
1628 1699 1668 1725 ὅτι
1687 1698 1717 1725 τὸ

158 1746 238 1780 χορῷ
257 1744 328 1779 καλή
348 1744 564 1780 προςεκληπτέον
584 1745 752 1780 καλλίχορος,
773 1745 960 1780 διαπρέπουσα
980 1746 1010 1772 ἐν
1028 1747 1068 1779 τῷ
1087 1745 1216 1781 χορεύειν,
1237 1744 1284 1772 ubi
1305 1744 1438 1773 Lehrsius
1458 1746 1487 1772 in
1507 1744 1717 1772 Friedlaenderi

158 1789 318 1818 Aristonico
345 1789 381 1817 ad
401 1789 428 1818 11.
453 1790 472 1817 1.
501 1791 622 1818 restituit
649 1791 719 1826 πρὸς
745 1792 776 1818 ἓν
802 1791 959 1826 ἐκληπτέον,
988 1800 1071 1827 quam
1096 1791 1317 1819 emendationem
1345 1791 1527 1818 certissimam
1554 1789 1716 1817 Dindorfius

158 1836 288 1872 neglexit.
333 1835 464 1864 Ceterum
489 1837 639 1872 simplicius
664 1838 718 1864 erit
737 1837 856 1864 fortasse
880 1841 977 1873 putare
998 1838 1085 1864 solam
1108 1848 1125 1864 κ
1150 1837 1328 1873 depravatam
1349 1846 1407 1864 esse
1429 1845 1443 1863 e
1464 1847 1489 1869 ν,
1514 1840 1545 1863 ut
1565 1835 1716 1863 scribamus

157 1882 228 1917 πρὸς
247 1884 278 1910 ἓν
297 1883 419 1918 ληπτέον.

295 1958 322 1986 ²⁷)
337 1959 372 1981 sic
388 1961 489 1987 utroque
506 1958 560 1981 loco
576 1958 602 1980 in
619 1958 671 1981 cod.
688 1959 718 1985 A,
734 1958 795 1982 conf.
812 1959 896 1982 Ludw.
912 1958 947 1982 Μ.
964 1958 1010 1982 ΒῙι.
1026 1959 1121 1982 XXXII
1137 1966 1160 1988 p.
1177 1959 1229 1983 206,

295 1995 323 2026 ²⁸)
341 1996 425 2020 cobeti
442 1996 538 2026 (Μπεηι.
552 1997 611 2020 1876
627 2004 651 2026 p.
662 1998 715 2024 434)
732 1999 755 2020 et
766 1997 888 2019 Dindorfii
905 1997 988 2026 (Schol.
1000 1997 1026 2019 II
1042 2005 1064 2026 p.
1077 1998 1131 2026 386)
1149 1998 1286 2020 coniectura
1299 1996 1400 2025 πέφηνεν
1415 2003 1462 2019 non
1474 1997 1604 2019 necessaria
1614 1996 1714 2019 videtur.

294 2034 322 2064 ²⁹)
338 2035 402 2065 Spoc.
419 2035 432 2058 I
447 2043 471 2065 p.
488 2035 526 2059 54.

294 2074 322 2103 ³⁰)
339 2074 426 2097 Friedl.
444 2073 499 2098 Nic.
516 2082 539 2103 p.
556 2075 594 2098 99.
