1883 2394
469 153 485 180 ὃ
1672 128 1707 154 19

152 215 201 240 aut
224 212 349 239 futurum
375 211 434 237 sine
460 210 494 236 ἄν
520 208 688 245 postulet⁶⁰).
729 208 810 244 Quod
832 208 943 236 verbnm
965 209 1013 236 ubi
1032 209 1067 237 de
1087 210 1143 236 alio
1164 213 1318 245 usurpatur,
1339 210 1387 244 qui
1407 208 1485 236 addit
1505 217 1620 243 versum⁷
1644 210 1708 237 sim-

156 257 256 294 plicius
276 256 380 284 dictum
401 258 442 282 est
461 263 511 291 pro
532 254 716 286 διασκευάζειν
736 254 795 290 (ubi
814 254 865 290 v.).
909 254 958 282 Ar.
976 255 1003 282 Φ
1016 257 1071 282 570
1093 255 1233 287 ἀθετεῖται,
1258 255 1297 282 ὅτι
1317 255 1357 285 ὠς
1376 255 1541 285 ἐλλείποντος
1559 256 1608 281 τοῦ
1626 255 1709 289 λόγου

155 303 260 335 ἐνέταξέ
278 312 317 332 τις
336 301 424 328 αὐτόν.

289 349 314 375 2.
333 346 489 383 perfectum
508 347 611 383 passivi
631 347 728 375 eodem
748 356 830 375 sensu
842 348 944 383 legitur
957 351 1040 383 atque
1060 348 1198 382 ἐγκεῖσθαι
1215 350 1323 383 partem
1336 355 1395 375 esse
1410 346 1536 375 vocabuli
1550 347 1705 383 compositi,

153 395 193 422 ita
212 396 244 421 ut
268 391 497 428 significationem
518 392 586 420 haec
605 401 669 429 pars
688 401 755 429 prae
779 401 808 420 se
828 392 914 420 ferat:
944 392 995 420 Ar.
1009 392 1043 420 Π
1054 395 1108 420 768
1132 394 1282 428 τανυήκεας
1305 391 1398 430 ὄζους]
1422 393 1460 420 ὅτι
1484 393 1536 420 οὒκ
1559 393 1709 421 ἐντέτακται

152 441 169 476 ἡ
190 439 256 475 ἇκή,
280 438 409 474 καθάπερ
432 438 476 466 ἐπὶ
498 440 546 466 τοῦ
571 439 668 474 ξίφους
691 438 830 474 ,τανύηκες
850 439 911 474 ἄορ”
931 438 997 466 ἀλλὰ
1017 438 1086 466 κατὰ
1106 439 1287 474 παραγωγὴν,
1307 439 1457 474 τανυήκεας
1476 439 1565 472 ὄζους,
1585 438 1645 466 οἷον
1663 448 1708 466 τα-

152 485 241 518 ναοὺς,
261 485 302 515 ὡς
321 484 477 520 κελαινεφὲς
496 484 570 519 αἷμα.
600 484 740 512 Nimirum
755 484 806 512 1100
820 483 1000 512 Aristarchus
1013 484 1066 512 sibi
1079 484 1247 521 persuadere
1261 494 1315 512 1100
1335 485 1426 521 potuit
1446 485 1518 512 idem
1538 484 1707 513 vocabulum

151 530 234 558 modo
259 530 443 566 compositum
467 530 657 566 accipiendum
682 538 753 563 esse,
782 530 865 557 modo
894 530 999 565 syllaba
1026 531 1194 566 paragogica
1221 530 1385 565 formatum,
1413 530 1461 557 sed
1489 531 1595 558 censuit
1623 530 1707 558 modo

152 575 381 611 significationem
398 576 511 603 alterius
527 576 613 611 partis
633 575 742 611 respici,
767 575 849 603 modo
870 575 987 611 neglegi,
1011 580 1042 603 ut
1061 585 1111 611 per
1130 575 1246 603 abusum
1266 575 1404 612 quendam
1423 579 1591 611 παραγωγῆς
1609 584 1706 603 vocem

152 623 279 658 usurpari
299 621 474 649 statuendum
500 620 583 657 sit-⁶¹)
622 620 725 657 Porph.
744 620 780 647 M
796 623 830 648 10
859 622 894 657 (p.
914 623 979 656 414,
1004 623 1040 649 22
1061 622 1149 657 sequ.)
1175 622 1277 657 μήποτ’
1304 620 1355 649 οὖν
1378 622 1395 657 ἠ
1420 621 1537 657 ἔμπεδον
1560 622 1629 653 λέξις
1652 621 1705 649 οὒκ

152 668 269 703 εῖληπται
283 670 332 694 νῦν
344 669 538 702 μεταφορικῶς
551 668 579 694 ἐν
592 668 644 701 ἴσῳ
663 669 703 701 τῷ
723 667 843 701 ἀσφαλὲς
862 667 908 693 καὶ
928 667 1032 701 ἀραρός
1052 682 1081 686 -
1109 667 1176 694 ἀλλὰ
1196 668 1300 702 κυρίως
1319 669 1368 694 νῦν
1387 668 1551 702 ἐξενήνεκται
1570 667 1601 694 τὸ
1620 667 1706 695 πέὸον

151 712 266 750 ἐχούσης
286 713 540 749 ἐντεταγμένον-τῆς
559 712 665 745 λέξεως,
686 712 756 739 ὥστε
775 712 901 748 σημαίνοι
921 713 954 739 ἂν
974 712 1013 740 ὅτι
1033 713 1062 740 ἐν
1081 715 1120 748 τῷ
1139 712 1225 748 πεδίῳ
1245 713 1369 748 κείμενον
1389 712 1435 739 καὶ
1453 713 1492 748 μὴ
1513 713 1646 739 ἁλίπλοον.

288 760 431 788 ἐνταῦθα
451 760 508 794 hic,
534 759 586 787 hoc
607 760 677 794 loco,
701 758 752 786 Ar.
774 760 800 786 A
820 760 893 786 177*
918 759 945 786 Β
964 759 1037 786 176*
1057 759 1130 787 180*
1154 759 1175 786 Δ
1195 760 1250 787 390
1274 759 1303 787 Ε
1318 760 1373 787 734
1388 759 1461 787 785*
1484 759 1581 787 Hssl
1598 760 1654 787 433
1676 764 1705 787 et

150 815 290 842 persaepe,
310 805 375 833 Did.
393 806 419 833 Φ
431 806 507 833 442*
531 805 592 833 Nic.
607 805 634 831 Β
650 804 724 831 781*
738 815 740 817 ·
752 804 778 833 Θ
792 807 846 832 106
871 805 908 832 Μ
920 807 953 832 13
974 806 1008 832 N
1019 807 1072 832 143
1087 809 1149 841 etc„
1179 808 1207 833 et
1226 805 1261 833 de
1281 805 1343 833 loco
1367 805 1415 833 ubi
1434 806 1556 841 positura
1574 805 1704 841 ponenda

150 851 212 880 Nic.
226 852 251 879 A
269 853 321 879 193
342 851 366 880 Ο
379 852 424 886 37,
447 861 531 888 porro
545 852 663 879 ἐνταῦθα
677 852 740 880 Por.
758 851 784 880 6
798 854 812 878 1
835 852 933 879 K249
953 851 977 879 Ο
992 853 1026 879 18
1048 851 1075 878 Ω
1089 853 1153 886 527,
1174 851 1259 879 schol.
1272 852 1298 878 A
1311 851 1388 879 499*
1408 851 1435 878 B
1450 851 1522 878 179*
1536 852 1589 878 385
1610 850 1702 878 [¹306

153 898 179 926 Θ
193 900 228 925 25
249 899 367 934 saepius,
392 898 466 926 conf.
481 898 588 926 ἐνθάδε.
611 914 647 918 -
667 897 760 926 Locus
774 898 902 926 laudatus
922 898 1063 926 inducitur
1082 898 1141 925 οἷον
1161 898 1278 925 ἐνταῦθα
1299 897 1383 926 schol.
1400 897 1421 924 Δ
1437 899 1500 932 315,
1524 897 1564 927 ὡς
1583 897 1702 925 ἐνταῦθα

150 943 235 971 schol.
249 944 277 970 E
289 945 345 970 334
365 944 391 970 A
407 945 469 978 140,
495 944 567 971 confi
588 945 649 971 ἐκεῖ.

286 989 409 1020 ἐντελές
435 990 584 1025 integrum,
616 990 761 1022 ἐντελῶς,
792 989 894 1017 dicitur
920 989 954 1016 de
985 998 1018 1016 ea
1045 988 1191 1016 verborum
1219 989 1322 1023 forma,
1356 997 1427 1025 quae
1454 989 1553 1016 πάθεσι
1579 988 1700 1017 nondum

149 1039 256 1064 mutata
277 1040 325 1071 est,
350 1035 434 1064 schol.
458 1035 487 1063 Γ
498 1037 550 1063 183
572 1034 720 1074 ὀεόμήατο]
744 1052 782 1056 -
802 1037 854 1064 ἔστι
874 1036 904 1063 δὲ
924 1036 1154 1071 αυγκεκομμένον.
1178 1035 1253 1071 παρὰ
1274 1035 1327 1071 γὰρ
1347 1035 1377 1063 τὸ
1397 1035 1481 1071 ὖαμῶ
1499 1035 1647 1071 ὁεὸαμέατο
1667 1034 1702 1071 ἦν

148 1082 178 1109 τὸ
198 1082 304 1111 ἐντελές.
344 1081 394 1109 Ar.
415 1082 442 1108 B
458 1083 512 1108 269
534 1098 569 1101 —
591 1083 644 1109 ἔστι
667 1083 716 1117 (sc.
730 1082 867 1117 Ὅμηρος)
892 1082 922 1108 τὸ
947 1083 1057 1117 ἀχρεῖον
1082 1082 1150 1109 ἰδών
1174 1082 1286 1112 ἐντελῶς
1312 1083 1488 1117 σχηματίσας,
1513 1091 1566 1109 non
1589 1082 1701 1113 ἐντελῶς

149 1128 314 1163 σχηματίσας
328 1129 407 1161 esset,
425 1126 499 1162 quod
513 1126 636 1154 Philetas
650 1127 783 1162 voluerat,
802 1127 870 1154 ἰδών
884 1139 920 1149 =
934 1127 1022 1159 ἰῦεῶν,
1043 1127 1128 1154 schol.
1145 1126 1170 1154 O
1184 1129 1203 1153 4
1223 1127 1323 1154 εἴωθεν
1335 1127 1465 1157 Ἰωνικῶς
1481 1127 1547 1153 αὐτὰ
1567 1130 1701 1162 συναιρεῖν

147 1173 284 1208 (θάρσευς,
305 1173 396 1208 γένευς
416 1175 485 1207 etc),
509 1174 526 1208 ἢ
547 1173 659 1203 ἐντελῶς
678 1173 778 1208 ,βέλεος
798 1173 828 1200 ὀέ
848 1183 878 1200 σε
896 1173 973 1208 τείρει
993 1173 1110 1208 ἀκωκή’.

284 1219 435 1246 ἐντεῦθεν
453 1218 526 1253 hinc,
546 1217 595 1245 Ar.
612 1219 638 1245 A
653 1218 709 1246 59*
723 1221 777 1246 405
792 1219 868 1246 454*
888 1219 915 1246 Β
928 1220 983 1246 867
1004 1219 1025 1245 Δ
1042 1220 1095 1246 159
1116 1218 1144 1245 Ε
1159 1220 1211 1245 122
1226 1219 1300 1245 310*
1317 1220 1389 1246 746*
1404 1220 1458 1246 891
1479 1219 1593 1254 saepius,
1613 1218 1699 1247 schol.

148 1265 173 1292 A
188 1265 224 1291 59
240 1265 294 1292 108
320 1264 347 1291 Β
361 1265 414 1291 371
440 1264 460 1290 Δ
477 1265 512 1290 59
537 1264 570 1291 Κ
582 1265 617 1291 10
631 1264 666 1291 al.
689 1264 743 1291 1100
767 1273 848 1291 sensu
872 1264 903 1291 ἐκ
927 1264 1023 1291 τούτου
1046 1264 1096 1291 Ar.
1117 1264 1143 1291 Φ
1161 1265 1224 1291 281.
1249 1280 1284 1283 -
1309 1263 1374 1291 hinc
1398 1273 1433 1291 sc.
1455 1263 1593 1291 derivatur
1612 1263 1698 1292 schol.

147 1310 176 1338 Γ
185 1312 249 1338 362.
269 1310 344 1338 conf.
368 1310 430 1338 ἀπό,

280 1357 441 1384 ἐντιθέναι
462 1357 589 1391 inserere,
608 1356 717 1392 addere,
731 1356 816 1384 schol.
831 1358 856 1384 A
872 1359 926 1384 120
946 1373 985 1377 —
1004 1361 1082 1384 τοῦτο
1096 1358 1191 1392 φέρων
1207 1357 1340 1385 ἐντέθεικε
1356 1356 1386 1384 τὸ
1406 1357 1553 1392 μαρτύριον
1572 1361 1600 1385 et
1613 1356 1699 1385 schol.

146 1402 175 1429 Ε
187 1403 213 1437 9,
238 1402 310 1430 conf.
330 1403 473 1438 ἐπιφέρειν.

283 1449 425 1484 ἐξαιρεῖν
444 1449 572 1484 eximere,
592 1448 676 1477 schol.
690 1449 724 1476 N
733 1451 767 1476 41
790 1449 898 1485 αὐΐαχοι
915 1458 948 1477 ex
964 1449 1070 1485 ἀνίαχοι
1090 1452 1181 1477 ortum
1201 1457 1259 1476 esse
1280 1447 1443 1485 quibusdam
1461 1449 1548 1476 visum
1568 1452 1610 1476 est
1629 1450 1699 1481 ἐξαι-

147 1495 274 1529 ρεθέντος
293 1499 340 1522 τοῦ
360 1498 377 1522 ἶ
397 1499 425 1522 et
443 1497 461 1522 ῢ
480 1495 574 1523 littera
594 1494 749 1530 substituta,
772 1495 845 1523 conf.
867 1496 988 1530 ἔλλειψις.
1028 1495 1072 1522 De
1092 1494 1216 1523 versibus
1236 1495 1369 1531 exemptis
1390 1495 1489 1530 legitur
1512 1494 1565 1523 hoc
1584 1494 1699 1524 verbum

148 1540 182 1567 K
192 1541 248 1567 398
268 1540 365 1571 τελέως
384 1541 481 1572 ἐξελεῖν
501 1549 537 1568 sc.
557 1549 650 1568 versus
670 1540 718 1575 (‚h.
739 1550 761 1568 e.
779 1549 891 1577 prorsus
906 1541 1034 1568 statuisse
1055 1541 1162 1577 spurios
1182 1549 1241 1568 esse
1261 1544 1289 1568 et
1309 1539 1389 1568 obelo
1410 1540 1569 1576 signandos‘
1583 1540 1700 1576 Labra),

147 1585 194 1613 ubi
219 1595 236 1613 a
257 1585 422 1614 Nemesione
447 1590 550 1614 temere
573 1585 683 1614 videtur
706 1586 815 1614 illatum
838 1595 888 1622 pro
909 1595 942 1614 eo
963 1585 1038 1622 quod
1058 1585 1131 1622 apud
1151 1586 1342 1614 Aristonicum
1366 1586 1507 1614 invenerat
1530 1586 1637 1614 ἀθετεῖν
1656 1587 1700 1615 vel

147 1631 239 1666 simili,
264 1631 338 1659 conf.
358 1631 426 1658 Did.
450 1635 478 1659 et
500 1631 548 1659 Ar.
572 1631 608 1659 ad
627 1631 654 1659 h.
674 1630 744 1667 1.⁵²).

283 1677 425 1713 ἐξαίρειν
445 1677 586 1712 extollere,
606 1676 693 1705 schol.
709 1677 738 1705 E
750 1679 784 1705 31
806 1677 836 1705 τὸ
857 1677 1018 1710 ἀλαζονικὸν
1037 1681 1085 1704 τοῦ
1105 1677 1235 1713 δαίμονος
1254 1678 1353 1713 ἐξαίρει
1372 1681 1426 1708 τοῖς
1445 1678 1584 1708 ἐπιθέτοις.

283 1724 470 1759 ἐξάμετρος,
491 1723 576 1751 schol.
598 1723 693 1751 3¹ss44
712 1724 803 1760 ἔργων
822 1724 962 1752 τοιούτων·
985 1723 1033 1759 ἐμὲ
1053 1724 1083 1751 ὸὲ
1102 1724 1154 1759 χρὴ
1176 1724 1259 1759 γήραϊ
1280 1723 1385 1762 λυγρῷ]
1410 1724 1426 1752 ὁ
1445 1724 1534 1760 στίχος
1553 1723 1634 1756 οὗτος
1653 1725 1700 1752 καὶ

146 1769 293 1805 ἑξάμετρος
312 1770 426 1805 γίγνεται
445 1770 491 1797 καὶ
510 1770 655 1805 τρίμετρος.

282 1816 421 1851 ἐξεργάζ
425 1826 441 1843 ο
445 1826 502 1851 μαι
521 1815 611 1844 verbis
624 1817 746 1853 exsequi,
766 1815 852 1844 schol.
869 1816 898 1843 Γ
907 1817 943 1844 33
960 1816 1090 1852 ἀνωτέρω
1103 1816 1165 1852 περὶ
1180 1820 1228 1844 τοῦ
1244 1816 1351 1847 λέοντος
1367 1816 1538 1852 ἐξειργάσατο
1558 1825 1596 1845 sc.
1614 1816 1698 1846 colla-

146 1861 261 1897 tionem,
289 1862 323 1889 οὗ
349 1866 397 1889 τοῦ
417 1862 528 1898 ἐλάφου,
554 1863 869 1898 ἐξεργαστικώτερον
888 1861 940 1890 Ar.
957 1862 983 1890 Λ
999 1864 1032 1889 17
1054 1863 1093 1890 ὅτι
1112 1862 1290 1899 ἐπανείληφεν
1309 1863 1568 1898 ἐξεργαστικώτερον
1586 1863 1618 1891 tei
1637 1864 1699 1898 περὶ

145 1906 192 1933 τὸν
211 1907 344 1943 ὁπλισμὸν
363 1912 411 1935 τοῦ
427 1908 629 1943 Ἀγαμέμνονος
650 1909 805 1936 accuratius
825 1909 972 1936 enarravit.

281 2020 311 2049 Μ)
328 2021 416 2046 Friedl.
432 2021 506 2045 Arist.
522 2030 545 2052 p.
562 2023 577 2045 8
592 2029 656 2051 sequ.

282 2057 312 2088 ⁶¹)
328 2059 423 2083 Lehreii
438 2059 512 2086 Arist.
528 2068 552 2091 p.
568 2061 622 2085 805.

282 2096 312 2127 Ι”)
329 2098 390 2122 conf.
406 2098 532 2123 Lohnium
548 2098 621 2123 Arist.
638 2106 662 2129 p.
678 2099 731 2122 340.
