1883 2394
1642 167 1676 193 11

129 245 181 274 Ar.
198 246 218 273 Δ
235 248 270 274 22
290 246 360 282 πρὸς
383 246 413 274 τὸ
434 247 532 280 ἀκέων,
553 246 592 274 ὅτι
612 247 669 274 ἀντὶ
687 249 736 274 τοῦ
759 247 879 274 ἀκέουσα
903 248 1076 283 ἐξενήνεκται.
1116 246 1172 275 Sed
1198 247 1359 283 plerumque
1383 247 1514 275 adverbia
1539 249 1582 275 vel
1608 258 1679 284 quae

129 293 217 320 instar
236 292 430 319 adverbiorum
450 296 514 320 sunt
532 292 670 321 formulae
690 293 833 328 accedunt⁷
851 293 950 329 quibus
970 297 1097 321 accurate
1118 302 1173 329 quo
1194 293 1261 329 quid
1281 292 1363 321 modo
1382 294 1577 329 pronuntietur
1596 295 1678 329 signi-

128 337 240 366 ficatur:
274 337 325 365 Ar.
351 338 377 364 Ξ
394 339 449 365 516
477 338 536 365 κατ’
566 339 717 375 ἐπιδρομὴν
747 338 810 370 τοὺς
842 339 1044 375 ἀνῃρημένους,
1076 339 1161 367 schol.
1188 338 1217 366 Γ
1233 340 1288 366 212
1316 339 1440 374 ἀθρόως,
1469 339 1555 367 schol.
1578 339 1607 367 Σ
1626 341 1677 366 121

130 384 322 420 ἀσαφέστερον,
342 383 406 412 Por.
424 383 452 411 P
464 385 519 412 608
539 385 746 421 κεφαλαιωδῶς,
767 385 832 417 Por.
849 384 887 412 Μ
898 387 932 412 10
952 386 1029 421 (414,
1048 385 1098 421 25)
1120 385 1230 420 κυρίως.

264 430 380 458 Praeter
393 430 444 458 hos
458 431 534 459 locos
548 431 602 459 duo
616 440 718 466 genera
733 432 839 459 secerni
858 435 980 468 possunt,
1000 432 1117 459 alterum
1131 430 1178 459 ubi
1198 430 1358 458 adverbium
1379 435 1484 467 spectat
1504 431 1540 459 ad
1559 432 1680 459 formam

126 475 273 503 verborum
292 475 341 503 Ar.
355 476 389 503 N
398 478 433 503 68
458 478 475 512 ἡ
503 477 582 513 διπλῆ
608 478 647 505 ὅτι
674 478 817 513 ἀναλόγως
836 478 945 513 ἐκφέρει
964 478 996 504 τὰ
1016 480 1123 504 τοιαῦτα
1144 478 1159 504 ὁ
1179 478 1292 512 ποιητής
1318 478 1366 510 (sc.
1390 477 1505 513 Κάλχαν
1524 478 1596 505 Αἶαν
1615 478 1675 513 aL),

127 521 176 548 Ar.
197 521 226 547 Γ
236 523 290 548 263
312 522 480 557 ἀδιαιρέτως,
506 522 556 550 Ar.
569 522 662 550 0432
687 523 913 558 συνεσταλμένως,
934 523 984 550 Ar.
1007 523 1033 550 B
1052 525 1105 550 115
1131 523 1199 550 κατὰ
1223 523 1364 558 συστολήν,
1389 523 1437 550 Ar.
1456 523 1490 550 Π
1503 525 1538 550 31
1560 524 1629 550 κατὰ
1649 523 1679 550 τὸ

125 568 339 602 περισπώμενον,
360 567 410 595 Ar.
428 568 462 595 K
473 570 528 596 204
544 570 612 596 κατὰ
632 569 662 596 τὸ
681 570 788 605 πλῆρες,
810 569 895 597 schol.
917 570 991 600 4295
1012 570 1080 596 κατὰ
1101 570 1238 602 σύνθετον,
1259 568 1344 596 schol.
1362 569 1388 596 A
1403 571 1455 596 201
1477 570 1545 597 κατὰ
1564 570 1679 597 πλεονα-

126 612 202 646 σμόν,
223 613 273 640 Ar.
292 613 318 639 B
334 615 347 640 l
370 614 564 649 ἀσυνάρθρως,
588 614 640 642 Ar.
661 615 688 642 B
708 617 764 643 634
787 615 855 642 κατὰ
881 616 911 642 τὸ
936 615 1078 650 ἀρσενικὸν
1101 616 1183 642 ἐνίοτε
1206 615 1237 642 τὰ
1261 616 1299 645 εἰς
1317 615 1339 650 ἦ
1363 615 1477 650 λήγοντα
1497 615 1607 650 (Σάμον
1626 624 1677 651 pro

125 657 244 693 Σάμην),
268 674 307 678 —-
330 660 449 687 alterum
473 659 521 688 ubi
541 661 653 697 respicit
673 661 709 689 ad
729 670 808 689 usum
828 661 936 689 dicendi
959 664 986 689 et
1006 661 1041 688 ad
1062 664 1241 688 structuram:
1271 660 1299 688 P
1310 662 1346 687 35
1367 660 1407 687 ὅτι
1426 660 1501 691 ἰδίως
1519 662 1678 696 ἐξενήνοχεν

125 703 213 738 (τίσεις
236 704 341 738 γνωτὸν
360 705 428 740 ἐμόν
447 714 497 741 pro
520 707 581 741 περὶ
600 709 648 733 τοῦ
671 708 741 742 ἐμοῦ
761 706 889 741 γνωτοῦ),
915 706 967 733 Ar.
983 706 1016 733 K
1026 708 1082 733 495
1107 722 1142 726 -—
1163 708 1192 733 ἐν
1215 708 1331 741 σχήματι
1355 707 1490 740 ἐξήνεγκε,
1513 707 1573 733 τὸν
1595 717 1677 741 τρεις-

124 749 285 777 καιδέκατον
307 751 355 785 τὴν
376 752 469 786 ψυχὴν
489 752 623 787 ἀφείλετο,
647 751 699 780 Ar.
713 752 740 779 B
754 752 829 780 135*
849 753 878 780 in
898 752 996 780 eodem
1015 761 1095 779 versu
1115 752 1161 778 καὶ
1180 752 1269 786 ἑαυτῷ
1288 752 1334 778 καὶ
1354 752 1419 787 ἡμῖν
1438 752 1567 787 συνήθως
1586 752 1676 787 ἐξενή-

124 804 187 830 νοχε
206 795 236 822 τὸ
259 796 389 831 (σπάρτα)
411 797 530 824 λέλυνται
549 798 595 824 καὶ
616 798 731 833 (δοῦρα)
747 799 853 833 σέσηπε,
874 797 924 825 Ar.
943 798 976 825 K
986 799 1041 825 378
1061 798 1136 832 παρὰ
1156 798 1186 824 τὸ
1207 798 1325 832 σύνηθες
1347 798 1408 832 (ἐμὲ
1420 798 1534 832 λύσομαι
1552 798 1609 824 ἀντὶ
1628 800 1676 824 τοῦ

123 841 262 874 ἐμαυτόν),
283 841 334 869 Ar.
351 842 379 868 Ε
394 844 430 870 64
450 844 587 876 ἇθετεῖται,
608 844 647 870 ὅτι
660 844 711 879 οὐχ
729 844 813 878 ὑγιῶς
832 845 1005 879 ἐξενήνοχειν,
1026 845 1055 870 αῖ
1073 846 1138 870 πᾶσι
1158 843 1245 870 κακὸν
1266 843 1387 878 Τρώεσσι
1407 844 1513 877 γένοντο
1533 844 1622 878 ἑαυτῷ
1640 854 1675 875 τε,

123 885 176 912 ἔδει
197 886 249 922 γὰρ
269 887 344 923 αὐτῷ
363 899 396 921 τε,
417 889 467 916 Ar.
483 889 512 916 E
528 891 581 916 700
605 905 642 909 —-
668 890 707 917 ὅτι
723 889 849 920 Ἀττικῶς
875 890 1033 925 ἐξενήνοχεν
1059 889 1256 925 (προτρέποντο
1275 904 1312 908 -
1337 889 1380 916 ἐπὶ
1403 891 1478 923 νηῶν
1497 898 1546 924 pro
1566 889 1609 916 ἐπὶ
1628 888 1676 918 τὰς

123 931 211 967 ναῦς),
231 932 304 960 idem
326 938 438 962 notatur
453 934 505 962 Ar.
522 935 551 962 E
564 936 626 969 249,
646 935 709 963 Nic.
727 936 754 963 B
768 937 821 963 696
843 936 1003 968 ἀσυνδέτως,
1024 935 1073 963 Ar.
1087 935 1119 962 X
1131 936 1185 961 329
1205 934 1235 961 τὸ
1249 935 1280 962 ἐκ
1299 935 1382 970 τύχης
1402 934 1574 970 συμβεβηκὸς
1594 935 1675 962 αἰτια-

122 979 204 1007 τικῶς
223 979 387 1015 ἐξενήνοχεν,
408 980 482 1016 quod
503 989 568 1008 casu
588 981 736 1016 acciderat,
760 982 839 1017 qua-si
860 982 976 1009 consilio
997 982 1132 1016 agitatum
1147 985 1218 1008 esset
1230 980 1359 1007 reddidit.
1392 979 1526 1007 Similiter
1539 981 1572 1007 de
1593 980 1674 1007 rebus

122 1023 150 1050 id
179 1033 263 1059 genus
287 1025 401 1053 adhibet
428 1026 594 1054 ἀποδιδόναι.
621 1043 658 1046 -
687 1027 737 1054 Ar.
759 1027 786 1054 Β
804 1029 857 1054 297
882 1027 921 1054 ὅτι
941 1027 1006 1062 Ζην.
1033 1028 1131 1062 γράφει
1157 1025 1302 1062 (Ἀχαιοὺς)
1326 1026 1466 1061 ἀσχαλάαν
1488 1026 1609 1060 μίμνοντ’
1631 1026 1675 1053 ἐπὶ

121 1070 221 1105 νήεσσ’,
246 1072 278 1098 τὰ
301 1072 470 1107 πληθυντικά
494 1073 597 1103 δυϊκῶς
620 1074 748 1109 ἐκφέρων
771 1082 829 1100 esse
856 1073 1009 1107 notionem,
1034 1081 1105 1108 quac
1129 1072 1313 1106 desideretur,
1337 1071 1473 1107 pluralem
1497 1071 1674 1107 (μίμνοντος),

122 1117 274 1152 exprimere
302 1118 378 1145 duali
398 1127 460 1146 eum
482 1120 572 1146 elucet
592 1128 625 1146 ex
645 1120 785 1155 exemplis,
810 1128 879 1155 quae
900 1120 956 1146 iam
976 1119 1259 1153 commemoravimus,
1284 1118 1403 1145 maxime
1423 1117 1472 1145 Ar.
1485 1117 1516 1145 X
1528 1118 1590 1152 329,
1615 1121 1674 1145 tum

123 1161 191 1189 disci
211 1166 303 1198 potest
323 1173 357 1190 ex
371 1164 432 1191 loco
449 1165 534 1191 simili
553 1165 640 1192 schol.
657 1165 684 1192 P
696 1167 712 1191 2
735 1165 855 1200 Τρώεσσι
875 1163 980 1201 δαμείς]
1002 1179 1038 1184 -
1059 1164 1125 1191 αὐτὸ
1145 1165 1175 1191 δὲ
1194 1166 1272 1190 τοῦτο
1293 1164 1388 1199 διχῶς,
1412 1165 1470 1198 ἤτοι
1493 1164 1674 1190 ἐπιπεσόντων

120 1208 230 1234 πάντων
246 1211 301 1235 τῶν
316 1210 421 1244 Τρώων
435 1211 536 1245 δαμεὶς,
556 1212 573 1245 ἢ
588 1211 636 1245 ὑφ’
652 1211 797 1246 Ἐκτορος,
818 1211 887 1237 ὥστε
906 1211 936 1237 τὸ
956 1210 1046 1237 ἑνικὸν
1058 1210 1250 1245 πληθυντικῶς
1265 1210 1446 1245 ἐξενηνέχθαι,
1466 1209 1482 1236 i.
1497 1218 1520 1236 e.
1533 1210 1672 1237 notionem

121 1254 288 1289 singularem
308 1256 424 1291 exprimi
444 1256 553 1291 plurali.
1209 1261 1211 1263 '

258 1299 357 1328 Obiter
376 1310 501 1329 moneam
522 1302 562 1329 eis
582 1311 653 1338 quae
674 1305 825 1338 sequuntur
844 1302 891 1329 καὶ
912 1302 1010 1337 Τρῶας
1029 1302 1097 1328 κατὰ
1117 1301 1147 1328 τὸ
1167 1301 1351 1336 πληθυντικὸν
1370 1301 1422 1335 ἔφη
1443 1301 1489 1327 τόν
1508 1311 1534 1327 τε
1548 1300 1672 1334 Ἐκτορα

120 1346 166 1372 καὶ
185 1346 232 1373 τὸν
251 1346 413 1382 Εὔφορβον”
440 1348 489 1383 ὑφ’
515 1348 549 1375 οὗ
572 1349 623 1384 μὲν
647 1349 699 1384 γὰρ
719 1349 832 1384 ἐβλήθη,
853 1348 901 1384 ὑφ’
924 1347 957 1375 οὗ
978 1348 1008 1375 δὲ
1027 1348 1161 1383 οὐτάσθη,
1188 1347 1235 1374 ubi
1262 1347 1330 1374 κατὰ
1357 1346 1387 1373 τὸ
1410 1346 1592 1382 πληθυντικὸν
1618 1347 1671 1381 ἔφη

120 1391 194 1419 idem
214 1396 256 1420 est
276 1396 358 1429 atque
378 1393 408 1420 τὸ
428 1394 523 1421 ὃυϊκὸν
541 1394 733 1430 πληθυντικῶς
752 1395 885 1430 ἐξήνεγκε,
905 1394 987 1430 plane
1004 1394 1087 1422 aliam
1108 1394 1243 1421 rationem
1263 1393 1318 1420 loci
1339 1392 1502 1428 expediendi
1521 1393 1671 1425 contineri3

121 1441 149 1464 et
168 1438 269 1466 diversi
290 1440 410 1466 auctoris
431 1449 489 1467 esse
510 1440 581 1467 hanc
603 1440 809 1468 adnotationem
829 1440 893 1467 inde
914 1443 1036 1476 apparet,
1061 1439 1135 1475 quod
1156 1440 1204 1475 qui
1224 1438 1416 1466 antecedentia
1436 1438 1556 1474 scripsit,
1581 1437 1671 1474 dupli—

120 1491 179 1510 cem
193 1484 300 1520 (διχῶς)
320 1486 493 1520 promiserat.
531 1485 581 1513 Ar.
600 1486 616 1512 Ι
631 1488 683 1513 180
705 1486 819 1521 ἁρμόσει
838 1486 868 1512 τὸ
888 1487 924 1519 ,ἐς
939 1486 1060 1512 ἕκαστον
1079 1485 1270 1520 πληθυντικῶς
1289 1485 1497 1519 ἐξενηνεγμένον
1516 1484 1671 1511 necessario

119 1528 319 1557 Friedlaender
342 1530 439 1558 scribit
462 1540 512 1567 pro
537 1531 663 1559 inaudito
688 1531 740 1559 hoc
764 1540 845 1559 sensu
868 1532 1094 1566 εἰςενηνεγμένον,
1120 1530 1193 1566 quod
1214 1529 1376 1557 Dindorfius
1401 1530 1430 1556 in
1450 1533 1527 1557 textu
1546 1530 1667 1565 reliquit.

256 1575 457 1613 ἐλλείπεινἩ)
477 1577 581 1611 deesse,
605 1577 758 1612 ἔλλειψις,
779 1577 915 1612 ἐλλιπής.

259 1624 283 1649 1.
307 1621 482 1658 Usurpantur
502 1622 536 1650 de
556 1622 813 1658 praepositionibus,
838 1631 908 1658 quae
925 1622 1088 1649 Aristarcho
1110 1623 1226 1649 omissae
1247 1630 1305 1649 esse
1326 1620 1497 1656 videbantur,
1518 1620 1552 1648 de
1573 1620 1672 1656 quibus

120 1666 249 1694 disseruit
261 1667 460 1695 Friedlaender
473 1668 502 1695 in
517 1668 719 1703 prolegomenis
733 1668 769 1695 ad
783 1667 933 1695 Aristonici
953 1666 1087 1701 reliquias
1106 1677 1133 1702 p.
1148 1668 1193 1694 24.
1211 1676 1287 1702 sequ.
1306 1666 1458 1693 Aristonici
1472 1666 1671 1700 adnotationes,

118 1721 186 1747 quas
206 1711 318 1740 Bekker
342 1722 397 1740 non
417 1713 554 1748 ediderat,
579 1722 651 1741 nunc
672 1713 745 1749 apud
765 1713 940 1741 Dindorfium
960 1713 1135 1740 inveniuntur
1156 1713 1221 1739 hae:
1253 1712 1280 1739 Φ
1294 1712 1368 1739 602*
1392 1713 1432 1739 ὅτι
1451 1712 1561 1739 ἐλλείπει
1582 1713 1598 1747 ἡ
1619 1712 1670 1744 διά,

118 1758 162 1784 διὰ
185 1759 280 1785 πεδίου
304 1764 332 1786 et
360 1759 517 1795 saepissime
541 1760 561 1785 Δ
584 1760 640 1786 244
665 1759 694 1786 Ε
710 1759 784 1786 222*
809 1760 836 1786 Ζ
852 1759 888 1786 2*
907 1759 961 1786 37*
989 1760 1043 1786 507
1068 1763 1131 1792 etc„
1155 1758 1267 1785 0395*
1292 1761 1378 1793 τεῖχος
1402 1756 1612 1794 ἐπεσσυμένους]
1632 1757 1670 1785 ὅτι

117 1803 226 1831 ἐλλείπει
246 1806 262 1840 ἡ
283 1805 336 1837 ἐπί,
357 1806 400 1832 ἐπὶ
419 1808 505 1841 τεῖχος
524 1804 679 1832 Aristonici
699 1805 764 1839 erit,
789 1805 837 1841 qui
857 1805 969 1841 quidem
990 1805 1080 1840 ὁρμᾶν
1100 1805 1120 1831 Δ
1139 1805 1206 1839 335,
1235 1804 1383 1839 βάλλεσθαι
1403 1803 1439 1830 Μ
1450 1805 1500 1838 36,
1525 1804 1670 1834 ἀκοντίζειν

117 1849 151 1876 Ν
168 1852 223 1878 502
247 1851 290 1879 ἐπὶ
314 1860 336 1879 c.
357 1860 414 1879 acc.
444 1852 583 1888 requirere
604 1851 701 1879 statuit
725 1850 827 1887 (Hom.
854 1860 877 1879 c.
902 1860 962 1887 gen.
987 1851 1150 1886 coniungit),
1175 1850 1208 1877 N
1220 1850 1292 1877 110*
1315 1865 1348 1869 —
1370 1850 1508 1885 ἀμυνέμεν
1525 1865 1563 1869 -
1583 1847 1668 1885 νηῶν]

118 1895 156 1922 ὅτι
177 1897 287 1924 ἐλλείπει
307 1899 323 1932 ἡ
343 1899 415 1932 περί
435 1898 497 1932 περὶ
516 1900 591 1932 νηῶν
611 1897 683 1924 conf.
700 1897 749 1925 Ar.
763 1897 783 1923 I
795 1899 847 1932 531
870 1897 904 1924 Π
918 1899 973 1925 522
995 1897 1054 1931 (ubi
1073 1907 1095 1924 v.
1116 1897 1265 1924 Lehrsium
1284 1896 1312 1924 in
1332 1896 1542 1924 Friedlaenderi
1562 1894 1668 1923 Aristo-

117 1940 200 1975 nico),
233 1943 301 1976 561,
324 1941 352 1968 A
368 1942 441 1969 111*
466 1958 503 1962 -
529 1942 585 1976 ἐγὼ
608 1942 712 1977 κούρης
737 1942 897 1976 Χρυσηΐδος
921 1943 999 1977 ἀγλά’
1026 1944 1124 1969 ἄποινα
1148 1942 1200 1968 οὐκ
1220 1942 1316 1968 ἔθελον
1336 1940 1477 1977 δέξασθαι]
1501 1942 1540 1968 ὅτι
1560 1942 1668 1968 ἐλλείπει

117 1986 133 2020 ἡ
153 1988 216 2022 περί
233 1988 371 2023 πρόθεσις,
392 1987 465 2024 quod
486 1996 644 2024 quanquam
664 1987 700 2015 ad
713 1987 740 2014 B
753 1988 808 2015 230
831 1987 858 2014 Ω
873 1989 925 2015 137
947 1987 1102 2015 Aristonici
1126 1986 1260 2014 scholium
1284 1995 1339 2014 non
1359 1991 1496 2013 servatum
1517 1990 1569 2020 est,
1593 1989 1667 2012 certe

253 2094 282 2123 21)
298 2094 424 2121 Heubach,
448 2093 611 2117 commentarii
632 2094 654 2116 et
669 2093 756 2116 indicis
773 2093 923 2122 grammatici
943 2093 975 2116 ad
991 2093 1079 2116 Iliadis
1095 2093 1182 2116 scholia
1199 2093 1285 2116 Veneta
1302 2094 1322 2116 A
1338 2093 1452 2122 specimaen
1469 2092 1488 2121 Ῑ,
1505 2093 1558 2116 diss.
1590 2092 1664 2114 Jenae

117 2130 175 2153 1885
192 2138 214 2159 p.
231 2132 261 2154 52
278 2140 342 2161 sequ.
360 2135 382 2155 et
397 2141 421 2162 p.
438 2134 467 2156 57
483 2139 547 2161 sequ.

1450 2169 1481 2191 2*
