1883 2394
174 142 209 167 10

307 224 491 250 ἐκπίπτειν
511 221 619 249 cadere.
664 222 714 248 Ar.
733 222 758 249 A
775 223 826 249 747
848 222 933 257 αὐτὰρ
954 222 1025 257 ἐγὼν
1045 222 1183 257 ἐπόρουσα
1203 222 1313 258 κελαινῇ
1332 223 1438 250 λαίλαπι
1458 220 1526 258 ἴσος]
1552 222 1568 256 ἡ
1589 220 1669 256 ὁιπλῆ
1689 220 1727 247 ὅτι

170 270 345 298 ἐκπέπτωκεν
369 269 405 299 εἰς
428 268 570 303 ποιητικὴν
596 268 766 303 κατασκευὴν
789 268 819 295 τὸ
839 268 1016 303 παρηγμένον
1036 267 1159 303 ἡρωϊκὸν
1177 268 1328 303 πρόςωπον
1347 268 1415 296 κατὰ
1435 268 1483 303 τὴν
1501 268 1608 303 ποίησιν
1628 275 1642 294 e
1663 267 1727 294 sim-

170 315 238 352 plici
258 315 416 342 narratione
437 314 465 341 in
487 318 651 350 apparatum
671 314 808 350 poeticum
831 314 939 348 cecidit,
964 314 1082 341 transiit.
1122 312 1179 340 Sed
1199 322 1263 341 usus
1287 315 1414 350 proprius
1435 314 1516 341 huius
1535 313 1612 341 verbi
1632 316 1674 340 est
1693 312 1726 339 de

171 362 341 390 derivatione
355 360 560 389 vocabulorum.
593 359 779 395 coniungitur
798 369 885 396 aeque
907 369 939 387 ac
959 361 1068 393 πίπτειν,
1089 360 1301 395 σχηματίζεσθαι
1322 370 1385 388 cum
1399 360 1503 389 eisdem
1516 360 1727 397 praepositioni-

170 408 230 442 bus,
255 416 323 443 quas
344 408 399 434 iam
420 407 448 433 in
469 406 638 442 simpliciore
658 406 741 433 verbo
763 406 829 433 εἶναι
849 407 1004 434 notavimus
1025 407 1091 438 ἀπό,
1115 407 1146 433 ἐκ
1170 405 1261 441 (cuius
1282 410 1374 434 tamen
1394 408 1422 434 in
1443 406 1526 434 verbo
1546 407 1680 434 ἐκπίπτειν
1699 406 1728 433 in

172 454 214 480 his
235 453 348 480 scholiis
367 461 418 488 pro
438 453 580 488 paucitate
601 452 726 479 locorum
747 453 902 488 exemplum
923 461 977 479 non
998 455 1107 488 praesto
1129 451 1193 487 est),
1221 453 1308 487 παρά,
1335 461 1406 488 quae
1426 452 1523 480 eodem
1544 461 1624 479 sensu
1644 453 1728 479 etiam

172 498 255 526 verbo
284 499 397 532 omisso,
430 498 531 533 quippe
564 497 638 533 quod
667 497 752 525 facile
782 498 952 533 suppleatur,
985 498 1168 525 inveniuntur.
1213 497 1264 524 Ar.
1291 498 1318 525 B
1338 500 1393 525 658
1421 498 1476 525 ἀπὸ
1499 500 1547 525 τοῦ
1573 497 1728 533 Ἡρακλῆος

167 544 331 579 Ἡρακληείη
358 544 487 576 ἐκπίπτει,
514 543 602 570 schol.
622 543 648 570 Β
669 545 684 569 2
709 544 784 578 παρὰ
809 544 839 570 τὸ
864 544 923 570 ‹sira›
947 545 964 578 ἢ
990 543 1065 570 ὅύνω
1092 544 1212 574 ἐξέπιπτε
1237 544 1388 578 ῥηματικὸν
1414 544 1444 570 τὸ
1470 544 1564 578 ὄύμος.
1592 559 1628 563 -
1655 543 1727 570 Usus

172 589 270 625 dignus
291 589 339 625 qui
360 588 520 616 attendatur
540 592 582 615 est
603 588 668 615 Did.
688 588 715 615 Ω
730 590 784 615 512
806 589 871 624 Ζην.
892 589 921 615 δὲ
942 589 1055 624 στεναχή
1077 588 1120 615 διὰ
1139 591 1187 615 τοῦ
1205 589 1221 615 ἒ
1240 589 1346 624 γράφει.
1377 590 1496 616 ἐκπίπτει
1516 589 1546 616 δὲ
1565 589 1597 616 τὰ
1617 589 1661 616 did
1680 591 1728 615 τοῦ

169 636 186 661 ἓ
205 635 312 669 ῥήματα
333 635 361 661 ἐν
380 637 435 663 τοῖς
455 634 587 668 ὀνόμασιν
607 635 644 663 εἷς
663 634 694 660 τὸ
713 635 732 661 ’ὅ
750 635 834 668 λέγω,
854 635 935 668 λόγος
955 638 1006 661 etc.
1032 635 1109 661 cuius
1130 634 1285 669 exemplum
1305 634 1394 662 simile
1411 634 1542 669 indagare
1563 644 1617 661 non
1638 635 1724 669 potui.

308 680 463 707 ἐκτείνειν
486 679 651 715 producere,
677 680 909 715 ἐκτεταμένως,
935 680 1074 712 ἔκτασις,
1099 688 1161 715 opp.
1190 679 1343 707 συστέλλειν.
1383 679 1500 715 Legitur
1524 679 1598 715 apud
1618 679 1727 707 Aristo-

172 727 263 753 nicum
284 725 327 752 his
348 725 430 752 locis:
461 725 488 752 Β
505 727 560 752 499
588 725 627 752 ὅτι
654 728 703 752 νῦν
726 726 777 760 μὲν
801 726 984 760 ἐκτεταμένως
997 725 1082 760 ”’Υλην
1102 727 1219 760 εἴρηκεν,
1246 726 1275 753 ἐν
1299 726 1389 755 ἄλλοις
1413 726 1442 752 δὲ
1462 726 1681 760 συνεσταλμένως
1701 729 1729 752 et

172 771 200 798 Ε
217 773 271 797 708
295 770 343 798 ubi
367 770 440 798 redit
464 771 559 806 oppidi
583 780 682 798 nomen
709 787 744 790 ——
768 771 807 797 ὅτι
832 771 904 798 οὕτω
929 771 1148 806 συνεσταλμένως
1167 771 1268 805 λέγεται
1289 773 1305 806 ἡ
1325 771 1413 803 πόλις,
1440 772 1572 798 ἐκτέταται
1593 771 1622 798 δὲ
1642 772 1671 799 ἐν
1690 773 1729 805 τῷ

171 817 315 852 καταλόγῳ
340 817 384 844 aad
409 817 439 844 τὸ
463 818 563 852 μέτρον
583 821 611 844 et
630 817 664 844 H
675 819 728 844 221
754 817 793 844 ὅτι
817 817 935 844 ἐνταῦθα
960 817 1189 852 συνεσταλμένως,
1213 818 1242 844 ἐν
1268 817 1298 844 ὂὲ
1317 819 1356 852 τῷ
1376 817 1520 852 καταλόγῳ
1540 817 1728 852 ἐκτεταμένως,

172 864 198 890 Β
213 866 265 890 115
294 863 334 890 ὅτι
357 864 426 891 κατὰ
447 864 578 899 συστολὴν
599 863 725 899 ’Όμηρος
744 866 852 891 τοιαῦτα
876 864 995 899 ἐκφέρει,
1023 863 1140 891 δυσκλέα
1168 863 1213 890 καὶ
1236 863 1331 897 ἀκλέα,
1353 863 1493 893 Ἰωνικῶς’
1519 864 1546 890 οῑ
1569 863 1599 890 δὲ
1618 863 1730 890 Ἀττικοὶ

173 910 317 936 ἐκτείνουσι
342 913 370 936 et
394 909 468 936 idem
492 909 526 936 K
537 911 601 936 281.
631 925 665 928 —
691 909 725 936 H
741 910 816 936 420*
840 910 879 936 ὅτι
899 910 1073 944 Ἀρίσταρχος
1096 910 1176 939 νέκυς
1200 910 1393 944 ἐκτεταμένως,
1422 910 1468 936 καὶ
1494 909 1649 944 ὀτρύνοντο,
1678 909 1729 935 οὐκ

173 956 294 990 ὄτρυνον,
315 954 359 982 La
378 954 503 982 Rochius
523 956 551 982 in
573 955 691 982 Homeri
712 955 832 982 editione
854 954 980 982 attribuit
993 953 1169 990 Didym0¹⁸)‚
1194 954 1229 982 ad
1250 964 1331 990 quem
1352 958 1410 982 tota
1431 954 1529 982 scholii
1549 955 1621 982 ratio
1642 954 1725 988 ducit,

173 1004 200 1028 et
219 1009 316 1028 vereor
336 1004 367 1028 ut
386 1000 456 1028 illud
477 1001 523 1034 ὅτι,
544 1000 618 1037 quod
637 1000 798 1028 Dindorfius
819 1001 914 1035 edidit,
939 1005 1013 1028 recte
1034 1010 1062 1028 se
1080 1000 1187 1028 habeat.
1212 1000 1297 1028 schol.
1319 1001 1345 1028 B
1359 1003 1374 1028 4
1396 1001 1468 1036 μόνα
1488 1001 1520 1027 τὰ
1540 1001 1577 1030 εἷς
1595 1002 1628 1031 v-;
1647 1010 1730 1035 μονο-

174 1050 237 1082 γενῆ
251 1047 362 1074 ὀύναται
375 1047 450 1083 παρὰ
464 1048 512 1083 τὴν
525 1048 661 1083 ἔκτασινῆ
683 1048 814 1083 συστολὴν
834 1047 908 1075 ἑνικὰ
928 1048 975 1074 καὶ
994 1047 1163 1083 πληθυντικὰ
1184 1048 1328 1082 γίγνεσθαι,
1350 1047 1434 1075 schol.
1452 1047 1477 1074 A
1492 1049 1528 1074 45
1550 1045 1728 1084 ἀμφηρεφέα]

173 1094 251 1127 κοινή
272 1094 346 1126 ἔστιν,
367 1093 419 1120 οὐκ
440 1094 551 1126 ἔκτααις,
571 1093 600 1120 Ε
613 1095 667 1121 576
692 1093 717 1121 Θ
731 1095 785 1120 556
811 1093 917 1126 Ψ24Ο,
946 1093 993 1120 ubi
1020 1093 1054 1120 de
1079 1093 1175 1120 eadem
1198 1102 1229 1120 re
1253 1093 1399 1120 dicendum
1425 1097 1496 1127 erat,
1520 1093 1656 1120 scholium
1676 1102 1730 1120 non

175 1138 302 1165 traditur.
352 1138 482 1166 Recurrit
508 1140 630 1166 ἐκτείνειν
654 1139 739 1166 schol.
764 1140 790 1166 A
813 1141 867 1166 317
893 1139 919 1165 B
937 1140 991 1166 835
1018 1139 1039 1165 Δ
1058 1140 1113 1165 433
1134 1137 1243 1174 (49210)
1269 1138 1386 1166 X469*
1411 1142 1458 1166 aut
1485 1148 1547 1166 cum
1574 1139 1730 1166 accusativo

175 1182 277 1210 obiecti
298 1184 482 1218 coniunctum,
503 1188 551 1212 aut
572 1187 709 1212 structura
729 1185 846 1220 passiva,
871 1184 919 1211 sed
940 1184 1026 1211 schol.
1050 1185 1076 1210 A
1091 1184 1147 1210 36*
1163 1183 1324 1221 Ἀπόλλωνι]
1349 1185 1400 1211 ἐπὶ
1425 1187 1465 1219 τῷ·
1489 1184 1608 1219 ὁιχρόνῳ
1629 1184 1670 1210 δεῖ
1687 1184 1730 1210 ἐκ·

173 1230 270 1257 τείνειν.
309 1229 389 1256 Idem
414 1230 489 1266 quod
514 1231 676 1257 ἕκτείνεσθαι
696 1230 832 1265 significat
855 1231 961 1257 ἔκτασιν
987 1231 1056 1265 ἔχειν
1076 1229 1161 1257 schol.
1186 1230 1214 1256 Γ
1225 1232 1278 1257 183
1300 1229 1448 1267 δεδμήατο]
1475 1231 1580 1257 ἔκτασιν
1600 1230 1653 1264 ἔχει
1672 1240 1730 1256 ποι-

173 1276 268 1311 ητικὴν
287 1278 335 1303 τοῦ
353 1275 370 1303 ἶ
390 1277 427 1306 εἰς
446 1276 476 1303 τὸ
496 1276 516 1312 ἤ
535 1276 578 1303 διὰ
598 1276 646 1311 τὴν
666 1276 825 1312 ἕπαλληλίαν
844 1278 900 1303 τῶν
919 1277 1054 1312 βραχέων,
1074 1276 1195 1302 τοιοῦτόν
1215 1276 1267 1303 ἐστι
1287 1276 1333 1303 καὶ
1345 1276 1376 1303 τὸ
1389 1276 1556 1312 πεφοβήατο,
1584 1274 1731 1311 Repetitur

174 1321 243 1349 haec
262 1322 360 1357 regula
379 1322 398 1349 I
409 1323 425 1349 3
447 1321 481 1349 de
501 1322 665 1358 βεβολήατο,
696 1322 769 1349 unde
794 1325 909 1358 apparet
936 1321 1051 1349 eandem
1072 1321 1195 1348 eiusdem
1223 1323 1343 1350 auctoris
1364 1322 1570 1350 adnotationem
1590 1320 1676 1348 fuisse
1697 1320 1730 1348 de

174 1368 343 1402 πεφοβήατο,
365 1368 440 1403 quod
460 1371 578 1404 utroque
600 1368 662 1396 loco
682 1368 820 1395 laudatur.

313 1413 444 1441 Ceterum
464 1415 538 1441 inter
556 1414 634 1449 πάθη
656 1414 742 1441 fuisse
755 1415 880 1450 ἔκτασιν,
908 1417 938 1441 ut
958 1414 1042 1442 schol.
1067 1415 1159 1442 Γ183
1182 1418 1275 1450 aperte
1296 1414 1409 1449 dicitur,
1430 1415 1470 1441 ita
1490 1422 1504 1440 e
1525 1412 1610 1440 schol.
1638 1412 1660 1439 A
1677 1414 1729 1439 189

176 1459 304 1486 concludi
330 1463 436 1495 potest:
464 1460 580 1495 μερίζω,
607 1460 775 1495 μερμερίζω,
803 1460 849 1486 καὶ
872 1460 975 1487 ἐκτάσει
1001 1462 1177 1496 μερμηρίζω;
1210 1460 1311 1487 etenim
1337 1460 1499 1495 μερμηρίζω
1526 1468 1543 1486 a
1569 1458 1672 1493 μερίζω
1697 1466 1731 1484 ex

175 1508 299 1532 veterum
319 1506 564 1540 grammaticorum
584 1505 782 1532 consuetudine
804 1505 923 1532 derivari
943 1507 1047 1541 nequit,
1072 1507 1125 1533 nisi
1145 1505 1349 1533 affectionibus.
1373 1521 1408 1525 —
1430 1504 1511 1533 Conf.
1532 1505 1676 1533 ἐπέκτασις.

313 1551 503 1578 ἐκτίθεσθαι
523 1550 658 1586 proferre,
682 1559 733 1586 pro
753 1551 920 1586 simpliciore
941 1551 1025 1586 λέγειν
1045 1551 1112 1579 Did.
1130 1552 1157 1579 B
1171 1553 1223 1578 111
1245 1552 1292 1582 τὰς
1312 1551 1471 1586 Ζηνοὸότου
1492 1551 1600 1585 γραφάς
1620 1554 1647 1577 et
1666 1551 1726 1577 sim.

176 1595 205 1622 Γ
214 1597 279 1629 406,
303 1596 388 1623 schol.
406 1596 435 1622 Γ
445 1598 509 1630 200,
533 1596 584 1623 Ar.
603 1596 631 1622 Ε
643 1597 698 1623 269
719 1597 759 1626 ὡς
773 1596 908 1631 Δωρικῶς
927 1598 1102 1632 ἐκτιθεμένου
1122 1600 1170 1624 τοῦ
1189 1599 1302 1632 ποιητοῦ
1323 1596 1469 1632 (θηλέας);
1494 1596 1613 1623 activum
1634 1595 1730 1623 eodem

177 1650 256 1668 sensu
278 1650 300 1668 e.
321 1650 346 1676 g.
371 1641 404 1668 H
415 1643 468 1668 255
491 1640 731 1677 epitomatorisw).

314 1687 533 1721 ἐτι-τραγῳδεῖν
553 1688 657 1722 tragice
672 1696 800 1715 enarrare
820 1688 863 1714 vel
883 1688 976 1723 potius
997 1697 1097 1723 augere
1112 1692 1139 1716 et
1153 1688 1331 1724 amplificare,
1351 1688 1399 1723 τὴν
1418 1687 1524 1722 ποίησιν
1545 1686 1629 1714 schol.
1647 1687 1673 1714 B
1688 1688 1731 1722 73,

175 1732 224 1767 τὴν
244 1732 376 1759 ὑπόθεσιν
396 1732 483 1760 schol.
504 1732 529 1760 Θ
541 1734 608 1760 428.

313 1778 466 1814 ἐκφέρειν
493 1778 680 1814 pronuntiare,
706 1787 756 1814 pro
781 1779 900 1815 simplici
928 1779 1012 1814 λέγειν
1037 1780 1162 1816 inprimis
1186 1779 1340 1807 Aristonici
1369 1782 1418 1806 est.
1445 1778 1495 1805 Ar.
1513 1778 1540 1805 B
1560 1779 1614 1805 649
1642 1794 1679 1798 —-
1703 1780 1731 1806 ἒν

170 1825 316 1859 Ὀδυσσείᾳ
337 1825 366 1851 δὲ
386 1824 416 1851 τὸ
437 1825 547 1859 ἀκριβὲς
567 1826 724 1860 ἐξενήνοχεν
744 1825 790 1860 (sc.
807 1827 1045 1860 ἐνενηκοντάπολιν
1064 1827 1112 1862 τὴν
1132 1827 1253 1862 Κρήτην,
1274 1834 1346 1853 nunc
1366 1824 1563 1861 ἑκατόμπολιν),
1584 1825 1633 1853 Ar.
1649 1826 1684 1853 M
1695 1828 1730 1853 22

175 1886 213 1890 -
233 1870 280 1896 καὶ
299 1870 338 1896 ὅτι
359 1870 466 1903 ἀνέγνω
483 1869 611 1899 Ἡσίοδος
633 1870 665 1896 τὰ
682 1870 808 1904 Ὁμήρου
829 1871 869 1900 ὡς
889 1872 923 1897 ἂν
942 1872 1073 1906 νεώτερος
1092 1872 1199 1898 τούτου”
1224 1872 1257 1898 οὗ
1279 1871 1331 1905 γὰρ
1351 1871 1493 1905 ἐξενήνοχε
1511 1870 1574 1900 τοὺς
1592 1872 1732 1906 ποταμοὺς

177 1914 323 1952 (Troianos
337 1914 415 1957 dicit)
434 1915 473 1950 μὴ
495 1915 574 1945 ὄντας
594 1915 760 1950 ἀξιολόγους,
781 1916 805 1942 εἰ
822 1916 860 1950 μὴ
882 1915 916 1942 δι’
933 1915 1066 1951 ’Ὀμηροη
1088 1916 1159 1944 conf.
1182 1916 1245 1944 Por.
1263 1915 1355 1942 P608
1376 1914 1415 1950 (p.
1431 1917 1493 1949 142,
1511 1916 1570 1950 24),
1594 1917 1731 1951 passivum

317 2029 344 2057 ¹⁸)
362 2030 432 2052 etiam
448 2029 532 2051 Ludw.
549 2029 608 2051 Did.
626 2029 639 2051 1
655 2037 677 2058 p.
694 2030 739 2052 420
756 2030 821 2051 nulla
837 2030 983 2052 dubitatione
1000 2030 1104 2059 Didymo
1120 2030 1257 2052 vindicavit.

314 2067 342 2096 ¹⁹)
359 2067 491 2090 Herodiani
508 2074 556 2090 esse
574 2068 704 2097 suspicatus
720 2075 771 2090 sum
788 2067 852 2097 spec.
868 2067 881 2090 Ῐ
897 2069 933 2090 35.

315 2106 343 2131 ²⁰)
360 2105 464 2134 Didymo
481 2106 612 2128 vindicavit
628 2105 803 2128 Friedlaeuder.
