1883 2394
166 75 204 102 26

163 157 216 185 Ar.
233 157 253 184 I
264 159 319 184 699
339 157 364 184 Ο
377 158 421 189 94,
441 158 485 184 ἐπὶ
504 157 615 192 χρόνου,
635 161 740 191 καιροῦ,
759 157 846 184 τόπου
865 156 916 185 Ar.
936 157 1016 185 1146
1037 158 1121 187 schol.
1135 160 1162 187 A
1178 159 1253 186 251*
1273 159 1303 185 Σ
1314 160 1340 186 3.
1373 158 1439 186 Hoc
1455 167 1537 187 sensu
1553 168 1616 187 oum
1629 158 1726 188 dativo

164 201 343 230 coniunctum
362 201 448 229 schol.
469 201 497 229 B
512 203 566 229 190
586 201 606 228 Ι
618 202 671 229 143
681 200 735 237 ¹⁸⁷³)
754 200 805 229 Ar.
828 201 856 228 Ψ
867 202 910 228 94.

302 247 333 277 Si
357 248 449 284 ipsum
475 248 595 276 alterum
617 247 782 276 vocabulum
803 246 932 283 affertur,
958 249 1005 284 ἐφ’
1030 248 1064 277 οὗ
1091 248 1198 286 aliquid
1221 252 1314 282 κεῖται,
1337 248 1412 276 idem
1435 247 1560 277 declarat
1583 249 1629 277 ἐπί
1651 248 1726 285 quod

164 294 228 322 ἀντί.
273 293 367 322 Verba
391 293 544 330 usurpandi
575 294 622 330 (de
649 293 749 329 quibus
772 294 875 320 τιθέναι
898 297 926 321 et
949 295 1055 322 τάσσειν
1078 296 1124 323 ἐπί
1147 296 1272 331 inprimis
1295 294 1454 323 Aristonico
1478 294 1637 331 familiaris)
1661 294 1725 323 sub-

165 340 365 375 intelleguntur
391 340 461 367 locis
482 338 541 367 his:
569 338 622 367 Ar.
638 339 673 366 H
685 340 750 373 161,
777 339 855 367 locus
880 338 1024 375 classicus,
1048 341 1120 377 πρὸς
1138 341 1169 369 τὸ
1188 342 1331 373 νείκεσσεν,
1355 340 1394 367 ὅτι
1413 339 1482 367 ἀντὶ
1501 344 1549 367 τοῦ
1568 340 1724 376 ἐπέπληξεν,

163 386 293 414 οὐδέποτε
312 385 343 413 δὲ
362 386 415 413 ἐπὶ
433 390 483 413 τοῦ
503 386 615 421 ἔκρινεν.
654 385 804 413 Praeterea
822 385 875 413 Ar.
894 384 922 413 Β
936 385 992 413 92⁸
1015 386 1041 414 Θ
1054 388 1110 414 322
1130 387 1164 415 Κ
1178 389 1231 415 116
1252 386 1338 415 schol.
1356 385 1390 413 N
1402 386 1457 413 276
1476 385 1565 414 X51.

299 430 489 466 ἐπιβάλλειν
502 430 668 464 incumbere,
679 430 837 458 cohaerere.
856 430 908 458 Ar.
919 431 987 457 Τ89
996 431 1064 459 Zeu.
1075 441 1169 460 versus
1179 433 1324 460 nonnullos
1338 440 1392 459 non
1401 431 1531 466 admittit,
1545 432 1580 459 ἵν·
1594 432 1723 468 ἐπιβάλλῃ

165 477 182 512 ἡ
203 477 335 509 συνέπεια,
355 476 439 504 simil.
460 475 512 504 Ar.
533 476 566 503 X
575 477 632 503 487
656 476 760 511 βέλτιον
780 474 830 503 οὖν
849 476 939 506 οὕτως
958 476 1108 512 ἐπιβάλλειν
1133 476 1182 514 (sc.
1205 478 1253 513 τὴν
1272 475 1430 512 συνέπειαν).
1469 476 1549 504 Idem
1572 476 1723 513 simplicius

165 522 267 550 dicitnr
290 523 307 557 ἡ
332 523 458 550 συνέπεια
480 523 594 558 γίγνεται
613 522 663 550 Ar.
677 522 706 549 Γ
716 524 783 557 395,
812 522 902 552 οὕτως
921 523 976 558 ἔχει
994 521 1046 551 Ar.
1065 523 1099 551 H
1109 525 1172 558 255,
1192 527 1245 552 act.
1268 524 1316 559 τὴν
1335 523 1475 551 συνέηειαν
1494 525 1568 550 ποιεῖ
1584 522 1634 551 Ar.
1648 523 1668 550 Ι
1679 524 1723 551 23.

298 568 436 602 ἐπιβολή
462 571 695 595 commemoratur
718 573 747 594 et
766 568 921 602 explicatur
939 567 1006 595 Por.
1023 569 1049 595 A
1065 571 1119 595 289
1139 570 1250 596 πάντων
1268 569 1319 603 μὲν
1338 569 1458 603 κρατέειν
1477 568 1574 600 ἐθέλει,
1598 569 1723 596 πάντεσσι

162 612 189 639 δ’
210 612 345 645 ἀνάσσειν,
369 614 435 639 πᾶσι
461 612 492 639 δὲ
516 610 667 649 σημαίνειν]
692 627 730 631 —-
750 612 867 639 καλεῖται
888 612 918 638 δὲ
937 612 967 638 τὸ
988 615 1081 647 σχῆμα
1101 614 1224 648 ἐπιβολή,
1248 614 1277 640 ἐν
1298 615 1347 648 μιᾷ
1365 612 1487 647 περιόδῳ
1506 613 1594 648 ἀρχὰς
1613 613 1723 642 πλείους

162 658 367 693 ἐπιφερόμενον,
387 658 477 688 οὕτως
495 658 549 693 ἔχει
569 658 615 685 καὶ
635 658 665 685 τὸ
685 658 722 690 ,ἐν
741 658 768 685 δ’
789 658 851 692 ἔρις,
871 658 901 685 ἐν
920 657 950 685 δὲ
969 658 1126 693 κυδοιμός’;
1147 658 1219 686 conf.
1244 658 1411 694 ἐπαναφορά.

299 703 526 730 ἐπιδεικνύναι
546 703 699 737 ostendere,
718 702 767 730 Ar.
786 703 815 730 Σ
825 704 883 729 444
902 703 946 729 διὰ
966 705 1022 730 τῶν
1041 704 1112 739 ἑξῆς,
1132 704 1206 732 conf.
1225 704 1384 739 ἐξηγεῖσθαι.

297 748 523 777 ἐπιδιδάσκειν
549 748 652 776 addere
672 749 936 784 interpretationem,
967 748 1054 776 schol.
1073 748 1101 776 Ω
1118 750 1154 776 20
1178 749 1243 777 Por.
1265 749 1291 776 P
1307 751 1361 776 608
1388 748 1541 785 (142,15);
1569 748 1643 776 conf.
1675 750 1721 776 ἕπ-

161 795 322 830 εξηγεῒσθαι.

297 840 543 874 ἔπιδιηγεῒσθαι
562 843 659 875 postea
679 849 800 873 narrare,
824 839 876 866 Ar.
895 840 1010 872 Π116;
1032 840 1108 867 conf.
1131 841 1325 875 ἐπεξηγεῖσθαι.

296 884 463 920 ἐπιδρομή
483 886 610 921 impetus,
635 885 695 911 κατ’
716 885 868 919 ἐπιδρομὴν
887 885 1016 920 ἐκφέρων
1035 883 1084 920 (sc.
1103 885 1198 921 poeta)
1218 885 1281 915 τοὺς
1301 885 1487 920 ἀνῃρημένους
1507 884 1558 912 Ar.
1576 885 1603 911 Ξ
1613 886 1679 912 516.

297 932 463 963 ἐπίζευξις
483 931 649 965 coniunctio,
669 931 833 966 compositio
854 930 903 966 (=
918 930 1063 966 σύνθεσις),
1083 929 1193 966 Didfl)
1210 931 1237 958 A
1252 932 1307 958 364
1330 932 1347 966 ἡ
1367 931 1495 963 ἐπίζευξις
1514 935 1563 958 τοῦ
1582 930 1720 958 ἐπεστενά-

162 986 243 1011 χοντο
263 976 391 1008 διδάσκει,
412 977 452 1002 ὅτι
472 976 519 1002 καὶ
538 976 568 1002 τὸ
588 976 709 1011 στενάχω
729 976 880 1010 βαρύνεται.

296 1020 452 1048 ἐπίθετον
481 1020 583 1048 dicitur
610 1029 665 1048 non
693 1019 822 1057 solum⁷⁶)
852 1019 887 1047 de
914 1028 977 1047 vere
1007 1019 1168 1055 adiectivis,
1195 1020 1243 1047 sed
1270 1020 1304 1047 de
1331 1022 1426 1056 quovis
1453 1021 1633 1056 appellativo,
1664 1029 1719 1056 quo

159 1076 278 1103 persona
304 1072 353 1094 aut
376 1076 420 1094 res
445 1066 619 1094 describitur.
662 1066 714 1094 Ar.
735 1066 762 1093 Ω
782 1068 837 1094 257
863 1066 986 1101 Τρωΐλον
1009 1065 1210 1103 ἱππιοχάρμην]
1240 1082 1276 1087 -
1298 1066 1422 1103 Ὅμηρος
1447 1067 1490 1094 διὰ
1517 1071 1565 1094 τοῦ
1593 1066 1719 1095 ἐπιθέτου

158 1113 257 1139 τέλειον
280 1112 368 1147 ἄνδρα
392 1113 529 1147 ἐμφαίνει,
552 1111 603 1139 Ar.
624 1112 651 1138 Φ
665 1113 718 1139 331
744 1112 875 1139 ἀθετεῒται
899 1112 938 1138 ὅτι
962 1113 1078 1146 ἄκαιρον
1097 1111 1128 1138 τὸ
1147 1112 1272 1139 ἐπίθετον
1291 1113 1498 1146 (κυλλοπόδιον),
1519 1112 1570 1140 Ar.
1587 1113 1622 1140 H
1634 1114 1650 1139 9
1672 1112 1718 1147 ἐφ’

160 1158 281 1193 ἡρωίνης
299 1157 330 1184 τὸ
350 1157 477 1185 ἐπίθετον
497 1158 636 1193 (βοῶπις),
660 1156 746 1184 schol.
768 1157 794 1183 A
813 1158 848 1184 39
869 1155 1008 1193 Σμινθεῦ]
1034 1157 1160 1184 ἐπίθετον
1180 1157 1359 1190 Ἀπόλλωνος,
1378 1157 1465 1185 schol.
1480 1157 1514 1184 K
1524 1159 1560 1184 68
1579 1158 1719 1192 πατρόθεν

158 1205 190 1231 ἐκ
210 1206 303 1239 γενεῆς
322 1202 483 1240 ὀνομάζων]
505 1204 545 1230 ὅτι
565 1203 682 1239 ἀρχαῖκὴ
704 1204 720 1239 ῆ
742 1203 880 1238 συνήθεια,
900 1203 968 1233 ὥςτε
987 1204 1015 1230 εἴ
1028 1213 1084 1230 που
1104 1207 1226 1230 τοιοῦτον
1246 1203 1412 1239 εὑρίσκομεν,
1432 1203 1527 1231 εἰδέναι
1547 1203 1590 1231 δεῖ
1607 1204 1646 1231 ὅτι
1666 1204 1718 1231 οὐκ

160 1249 285 1276 ἐπιθέτου
305 1250 360 1284 ἔχει
379 1249 477 1284 χώραν
496 1249 571 1276 velut
587 1250 616 1276 in
637 1249 708 1284 loco,
732 1258 814 1284 quem
834 1247 1010 1276 Aristonicus
1031 1247 1115 1276 affert
1134 1248 1253 1283 διογενὲς
1271 1249 1431 1284 Λαερτιάδη.

297 1293 465 1330 Saepissime
486 1303 558 1330 quae
578 1294 704 1321 ἐπιθέτου
724 1294 835 1321 nomine
856 1292 1127 1329 comprehenduntur
1146 1297 1211 1321 sunt
1223 1302 1286 1321 vere
1306 1293 1455 1322 adiectiva:
1479 1294 1530 1322 Ar.
1546 1295 1574 1322 Β
1588 1296 1642 1322 511
1663 1297 1718 1325 τοῖς

160 1341 292 1371 ἐπιθέτοις
312 1340 488 1368 διαστέλλεται
507 1341 524 1375 ἡ
545 1340 693 1375 ὁμωνυμία
714 1338 891 1377 (Ὀρχόμενος
910 1339 1041 1370 Μινύειος
1061 1342 1090 1367 et
1107 1338 1285 1376 πολύμηλος),
1305 1339 1379 1375 quod
1399 1339 1471 1367 redit
1489 1340 1541 1368 Ar.
1562 1339 1590 1367 Β
1603 1342 1668 1368 605.

297 1386 447 1413 Praeterea
463 1386 539 1413 conf.
556 1385 607 1412 Ar.
626 1386 646 1412 Δ
664 1388 718 1413 182
735 1386 833 1413 Η133
858 1385 884 1413 Θ
897 1386 933 1412 3*
948 1387 1003 1412 250
1018 1387 1073 1412 399
1093 1385 1193 1412 Κ175
1213 1385 1296 1412 Mn
1311 1389 1362 1412 etc.
1385 1385 1450 1413 Nic.
1469 1385 1495 1414 Θ
1509 1387 1562 1413 133
1581 1387 1634 1413 185
1656 1386 1716 1413 Κ6

160 1431 192 1458 Χ
202 1433 258 1458 428
279 1431 363 1459 schol.
384 1432 411 1458 A
428 1433 444 1457 2
461 1432 518 1458 440
538 1430 566 1457 B
580 1432 635 1458 548
656 1431 684 1457 E
696 1433 730 1457 31
747 1432 803 1458 654
826 1430 852 1458 Θ
866 1432 901 1457 93
916 1431 951 1457 al.
975 1430 1036 1457 κατ’
1063 1431 1188 1458 ἐπίθετον
1211 1430 1296 1465 λέγειν
1315 1429 1382 1458 Did.
1401 1430 1429 1457 B
1443 1433 1509 1466 111,
1539 1432 1578 1459 ὅτι
1602 1432 1635 1458 οὔ
1655 1431 1716 1458 κατ’

163 1477 287 1505 ἐπίθετον
306 1477 336 1504 τὸ
355 1480 448 1513 ταχεῖα
468 1477 527 1504 ἀλλ’
549 1477 606 1504 ἀντὶ
625 1480 673 1503 τοῦ
693 1474 837 1512 ταχέωςπ)
857 1474 910 1503 Ar.
925 1476 952 1503 A
968 1477 1030 1503 186.

297 1522 385 1550 Plane
405 1522 522 1550 eandem
542 1523 692 1556 notionem,
716 1530 800 1558 quam
820 1522 951 1554 ἐπίθετον,
971 1521 1056 1549 habet

297 1568 499 1600 ἐπιθετικόν,
519 1567 595 1603 quod
611 1568 645 1595 de
660 1567 807 1594 adiectivis
821 1567 923 1602 legitur
935 1566 986 1594 Ar.
1005 1566 1040 1593 Π
1050 1568 1104 1594 150
1125 1567 1210 1594 schol.
1228 1566 1256 1593 B
1269 1568 1324 1593 877
1345 1566 1372 1593 Λ
1387 1568 1421 1593 69
1441 1566 1466 1594 Ο
1480 1568 1544 1596 705.
1575 1567 1716 1595 Usitatum

162 1613 247 1640 etiam
267 1612 426 1640 adverbium

297 1658 505 1692 ἐπιθετικῶς,
529 1657 580 1687 Ar.
597 1658 686 1685 1404
710 1658 836 1693 ἀφήτορα
857 1657 887 1684 δὲ
906 1657 953 1684 τὸν
977 1657 1136 1684 Ἀπόλλωνα
1159 1657 1330 1689 ἐπιθετικῶς,
1354 1657 1435 1684 simil.
1454 1656 1504 1684 Ar.
1525 1657 1551 1684 Ω
1565 1657 1639 1684 577*
1655 1659 1717 1691 707,

159 1703 248 1731 schol.
266 1703 294 1730 A
309 1704 364 1730 200
384 1703 518 1731 Παλλάδα
537 1704 586 1739 τὴν
606 1704 726 1739 Ἀθηνᾶν
745 1703 912 1735 ἕπιθετικῶς,
933 1702 1017 1731 schol.
1036 1703 1062 1730 A
1076 1705 1131 1731 383
1152 1701 1288 1739 μηκάδες]
1310 1702 1469 1732 ἓπιθετικῶς
1488 1704 1517 1730 αἱ
1535 1702 1614 1738 αἶγες,
1635 1707 1663 1730 et
1682 1702 1716 1730 de

158 1748 305 1776 adiectivis
325 1748 376 1776 Ar.
394 1748 488 1776 I'445
510 1749 602 1776 Ξ418
622 1748 702 1776 Π34
719 1750 773 1776 123
794 1748 883 1775 Ρ211
906 1748 991 1776 schol.
1007 1748 1026 1775 Δ
1040 1749 1097 1775 458
1118 1748 1217 1776 Κ268
1241 1748 1267 1775 Φ
1279 1749 1346 1774 448.

297 1795 476 1828 ἐπίκοινον,
502 1804 658 1829 commune,
687 1795 754 1831 quid
778 1795 813 1822 sit
837 1795 950 1830 exponit
969 1793 1036 1822 Did.
1054 1794 1145 1821 P134
1167 1810 1203 1814 —
1225 1792 1319 1831 (λέων)
1338 1794 1407 1821 ἔστιν
1426 1794 1569 1822 ἐπίκοινον.
1592 1794 1645 1821 ἔστι
1665 1794 1717 1829 γάρ

296 1876 327 1907 ⁷⁸)
339 1877 465 1900 scholium
489 1877 539 1899 *ὅτι
560 1875 673 1905 ἀγαπητός
695 1877 766 1905 μόνον
788 1876 824 1898 ἐπὶ
848 1879 895 1901 ταῖς
914 1876 1017 1905 θηλείαις
1041 1877 1125 1905 (immo
1144 1879 1191 1901 τοῖς
1210 1876 1299 1904 ἄρσεσι,
1319 1876 1342 1898 Ζ
1353 1876 1397 1898 401
1419 1876 1448 1898 de
1468 1876 1619 1905 Astyanacte,
1639 1877 1656 1906 β
1672 1878 1717 1900 805

158 1916 172 1939 δ
185 1917 230 1939 727
242 1917 288 1939 817
303 1924 316 1938 e
328 1917 358 1939 18
374 1915 403 1938 de
420 1915 579 1944 Telemacho),
596 1915 651 1937 satis
667 1922 748 1938 recens
764 1916 788 1938 et
803 1916 906 1937 assutum
923 1914 953 1937 nd
969 1914 1069 1938 alterum
1084 1913 1210 1944 τηλύγετος]
1226 1913 1347 1943 ἀγαπητός,
1362 1913 1484 1943 μονογενής
1500 1914 1674 1944 explicandum.

295 1953 324 1981 ⁷⁴)
340 1954 426 1977 Ludw.
442 1953 502 1977 Did.
519 1952 537 1976 Ι
548 1961 572 1983 p.
590 1954 632 1976 191
650 1953 785 1976 dubitanter
800 1952 904 1981 Didymo
921 1952 1035 1976 attribuit.

295 1991 324 2020 ⁷³⁵)
342 1992 405 2015 conf.
422 1991 584 2015 Schoemauni
600 1990 647 2014 Die
662 1990 737 2013 Lehre
751 1998 797 2013 von
812 1990 855 2013 den
870 1990 1019 2013 Redetheilen
1033 1998 1057 2019 p.
1073 1992 1104 2013 86
1119 1998 1184 2019 sequ.

295 2029 324 2060 ⁷⁸)
341 2030 370 2053 de
386 2037 411 2053 re
429 2029 491 2053 conf.
507 2029 595 2052 Friedl.
612 2028 687 2052 Arist.
703 2037 726 2058 p.
743 2029 780 2052 29.
