1883 2394
1729 95 1765 122 27

211 191 268 209 τινα
281 180 403 215 ὀνόματα
418 178 547 214 ἀρσενικὰ
561 179 579 205 ἃ
592 178 638 205 καὶ
657 178 701 205 ἐπὶ
720 178 853 213 θηλυκῶν
871 178 1000 211 τάσσεται,
1019 178 1066 205 καὶ
1084 178 1194 213 θηλυκὰ
1215 179 1232 205 ἃ
1251 178 1298 204 καὶ
1316 178 1360 205 ἐπὶ
1379 178 1531 212 ἀρσενικῶν
1550 177 1608 205 οἷον
1627 179 1703 212 ἱέραξ
1715 178 1767 212 μὲν

212 242 248 247 -
268 225 402 260 πάρδαλις
420 224 452 251 δέ
470 228 524 251 etc.

348 270 534 305 ἐπικρατεῖν
560 269 727 305 praevalere,
757 267 841 296 subst-
865 268 1054 304 ἐπικράτεια
1078 272 1106 296 et
1129 268 1347 304 ἐπικράτησις.
1389 268 1440 297 Ar.
1463 268 1497 296 K
1512 269 1547 296 75
1571 268 1611 296 ὅτι
1634 268 1709 295 ἔντεα
1732 268 1766 295 οὔ

210 318 298 345 πάντα
316 316 395 344 ὅπλα.
418 315 451 343 τὰ
470 315 622 350 ὁὲρόρατα
641 314 702 342 κατ’
722 314 903 349 ἐπικράτειαν,
927 323 977 350 per
996 313 1178 342 obtinentiam
1197 313 1318 348 (Prisc).
1360 313 1475 350 Saepius
1498 314 1533 342 do
1556 317 1708 348 structura,
1736 314 1765 341 in

212 371 267 399 qua
287 361 321 389 de
341 360 498 389 nominibus
518 359 619 388 diversi
638 360 747 395 generis
766 360 920 388 coniunctis
939 360 1122 388 masculinum
1141 359 1355 396 praeponderat:
1375 359 1461 387 schol.
1474 360 1503 387 Σ
1516 359 1591 387 594*
1610 359 1700 395 ἠΐθεοι
1719 359 1766 386 καὶ

210 408 346 444 παρθένοι
366 423 402 427 —
422 406 547 443 ἀλλήλων
565 421 603 427 -
622 409 716 443 χεῖρας
735 404 854 444 ἔχοντες]
875 406 937 433 κατ’
957 406 1126 442 ἐπικράτειαν
1144 410 1192 434 τοῦ
1212 406 1356 442 ἀρσενικοῦ
1376 409 1404 433 et
1423 405 1457 433 de
1476 415 1506 434 re
1526 406 1612 434 simili
1631 404 1765 439 eiusdem,

212 458 243 482 ut
266 453 389 487 videtur,
417 452 537 480 auctoris
560 452 703 479 adnotatio
728 452 757 479 Σ
768 453 823 479 567
850 452 910 479 κατ’
935 452 1108 487 ἐπικράτησιν
1130 456 1179 479 τοῦ
1201 453 1324 487 ἄρρενος.
1363 450 1486 479 Verbum
1508 452 1648 479 invenitur
1673 450 1761 478 801101.

214 499 239 527 Ο
253 500 307 526 691
333 498 455 533 ὀρνίθων
477 498 559 527 ἔθνος
578 512 615 516 ——
635 497 845 532 βοσκομενάων,
870 499 965 533 χηνῶν
988 498 1005 532 ἢ
1030 497 1154 532 γεράνων
1177 498 1194 532 ἢ
1215 495 1340 534 κύκνων]
1365 496 1413 524 ubi
1435 497 1526 525 nescio
1546 497 1608 533 quis
1627 495 1682 524 sibi
1701 504 1763 532 per·

210 545 298 573 suasit
322 544 425 574 κύκνος
453 551 512 571 esse
539 542 667 570 feminini
695 543 804 578 generis
831 543 872 570 ita
899 544 1080 571 ratiocinatus
1104 544 1129 570 εἰ
1149 543 1301 579 ἀρσενικῶς
1323 543 1445 578 ἐλέγοντο
1468 544 1495 570 οἳ
1516 543 1622 576 κύκνοι,
1652 542 1764 573 πάντως

211 592 245 618 ἂν
264 591 454 626 ἐπεκράτησεν·
474 590 521 616 καὶ
539 589 587 619 τὰς
606 589 737 625 γεράνους
756 589 809 623 γάρ
828 599 911 624 φησιν
930 589 976 616 καὶ
995 589 1042 619 τὰς
1062 592 1154 624 χῆνας.

346 635 507 669 ἐπίκρισις
525 633 667 666 iudicium,
687 642 810 666 censura,
830 634 880 660 Ar.
894 634 920 660 A
936 635 990 661 130
1010 635 1027 668 ἡ
1048 634 1176 668 ἀναφορὰ
1195 634 1266 668 πρὸς
1284 634 1415 668 ἐπίκρισιν
1434 636 1480 668 τῆς
1499 634 1668 668 στιχοποιίας.

347 680 506 715 ἐπιλέγειν
525 678 627 707 addere
641 680 689 712 (=
702 677 857 715 ἐπιφέρειν),
877 679 927 707 Ar.
940 678 970 706 Γ
981 680 1036 706 352
1056 679 1187 707 ἀθετεῖται
1206 680 1246 706 ὅτι
1265 679 1318 706 οὐκ
1338 679 1493 714 ἀναγκαίως
1511 679 1661 714 ἕπιλέγεται,
1681 678 1758 706 conf.

208 726 259 754 Ar.
272 727 365 753 2311
386 725 470 753 1416
491 725 525 752 K
537 726 593 752 240
613 724 717 760 (versus
736 725 775 760 μὴ
796 724 996 760 ἐπιλεγόμενος)
1020 725 1113 752 Ψ479
1134 725 1200 752 Did.
1217 724 1245 751 B
1260 728 1312 752 111
1334 724 1421 752 schol.
1437 723 1464 750 B
1481 726 1541 757 781,
1565 725 1693 759 ἐπιλέγειν
1712 725 1763 751 τινί

209 771 276 800 Did.
300 771 328 798 Y
341 773 403 806 114,
422 771 453 797 τὸ
472 770 663 805 ἐπιλεγόμενον
682 769 730 806 (=
744 770 774 797 τὸ
794 770 869 806 ἑξῆς)
889 770 941 798 Ar.
958 770 979 797 Δ
995 772 1058 798 307.

346 817 487 845 ἐπιλύειν
507 815 668 851 dissolvere,
692 815 745 844 Ar.
761 816 782 843 Δ
798 818 853 844 407
877 832 915 836 -
939 816 1097 844 ἀθετοῦνται
1117 817 1200 853 στίχοι
1219 819 1299 852 τρεῖς1
1325 817 1364 844 ὅτι
1388 816 1486 844 ἐπιλύει
1504 816 1534 844 τὸ
1553 816 1596 844 διὰ
1616 818 1672 844 τῶν
1689 826 1759 851 προ-

208 865 360 899 ειρημένων
378 863 532 897 λεγόμενον.
552 862 625 889 conf.
650 862 775 896 ἀναιρεῖν.

345 908 494 942 ἔπιμερίζ
498 917 544 934 ειν
563 906 698 940 dividere,
721 906 784 934 Nic.
803 906 831 933 Ω
844 908 900 934 528
924 908 1008 942 ἐχρῆν
1027 907 1057 934 τὸ
1076 906 1299 942 ἑπιμεριζόμενον
1317 907 1356 942 μὴ
1377 907 1465 937 οὕτως
1484 907 1659 942 ἐπενεχθῆναι
1678 907 1760 940 (δοιοὶ

208 970 245 975 -
264 952 353 990 πίθοι)
373 955 470 980 κακῶν
489 953 580 988 ἕτερος
599 952 629 980 ὀὲ
648 953 728 986 ἑάων,
748 953 807 980 ἀλλ’
828 953 844 981 ὅ
863 953 915 989 μὲν
934 954 1025 988 ἕτερος
1044 956 1147 986 κακῶν,
1168 953 1184 981 ὁ
1204 953 1234 981 δὲ
1254 954 1344 988 ἕτερος
1363 953 1486 988 ἀγαθῶν,
1506 952 1578 981 conf.
1601 953 1719 988 διαιρεῖν.

344 1000 508 1033 ἐπίρρημα
532 998 746 1033 αᾶνοτὶιίιιωῗῗ).
784 998 847 1026 Nic.
869 1000 896 1025 A
915 1001 968 1026 153
993 999 1022 1025 Σ
1038 1001 1092 1026 128
1116 999 1203 1026 801101.
1223 1000 1248 1026 Α
1267 1001 1323 1026 216
1348 998 1413 1034 (χρή
1432 1011 1467 1022 =
1483 998 1547 1034 ὁεῖ),
1574 997 1601 1025 Β
1616 1000 1650 1026 75
1670 998 1757 1025 1647

208 1045 299 1078 N28,
323 1044 354 1071 τὸ
377 1044 427 1078 ἄγε
449 1043 586 1077 ἐπίρρημα
609 1042 672 1069 Nic.
685 1042 762 1075 146,
786 1043 817 1070 τὸ
841 1044 895 1074 ἔξω
919 1044 960 1070 ἐπ.
983 1043 1046 1070 Nic.
1059 1043 1093 1070 H
1106 1045 1174 1077 336,
1199 1044 1229 1070 τὸ
1248 1044 1288 1078 μή
1308 1045 1349 1071 ἐπ.
1369 1043 1431 1070 Nic.
1449 1043 1552 1078 Pan-1,
1574 1044 1614 1070 ἐπ.
1633 1043 1759 1070 εὔκτικόν

208 1089 322 1127 (ὤφελε)
341 1088 428 1117 801101.
445 1088 472 1116 Α
489 1090 552 1123 415,
572 1089 612 1116 ἐπ.
632 1088 779 1125 μεσότητος
792 1087 927 1125 (ἡσύχως)
943 1088 1028 1117 801101.
1042 1089 1062 1116 Δ
1078 1090 1122 1124 22,
1141 1089 1355 1124 παραβολοειόές
1368 1088 1535 1126 (πυργηόόν)
1548 1088 1633 1117 schol.
1651 1088 1685 1116 N
1696 1090 1758 1123 152,

207 1136 433 1171 παρακελεύσεως
455 1134 522 1171 (ἴθ’)
546 1134 631 1162 schol.
651 1133 679 1160 B
694 1136 724 1169 8,
747 1135 993 1169 παρακελευστικόν
1012 1134 1077 1170 (εἶα)
1101 1134 1163 1162 Nic.
1185 1135 1204 1162 I
1216 1137 1252 1162 46
1274 1136 1342 1169 262,
1373 1136 1515 1162 πευστικόν
1539 1135 1605 1170 (ποῦ
1632 1139 1660 1162 at
1683 1136 1758 1170 πῶς)

207 1181 292 1209 schol.
305 1179 333 1207 Β
347 1182 410 1214 565,
433 1180 574 1215 ποιότητος
593 1179 738 1215 (ὁεξιάόην)
758 1178 820 1207 Nic.
838 1179 873 1206 H
887 1181 930 1214 15,
949 1180 1061 1207 τοπικόν
1080 1180 1180 1214 (ἔνόον)
1200 1182 1248 1207 Ar.
1272 1180 1355 1215 Yl3,
1379 1180 1440 1216 (πὴ)
1460 1180 1544 1208 schol.
1563 1180 1590 1207 P
1599 1181 1667 1214 643,
1691 1190 1757 1216 χρο-

207 1227 284 1255 νικόν
303 1225 385 1263 (τότε)
404 1225 466 1253 Nic.
484 1225 522 1252 M
533 1226 576 1260 13,
600 1224 672 1261 (νῦν)
691 1224 754 1253 Nic.
774 1225 804 1253 Σ
816 1227 879 1253 101.

343 1271 599 1307 ἕπιρρηματικός
627 1270 805 1306 adverbialis,
839 1272 1116 1307 ἕπιρρηματικῶς,
1146 1272 1232 1300 801101.
1258 1272 1292 1299 N
1308 1274 1344 1299 53
1372 1271 1390 1307 ᾗ
1421 1272 1511 1307 ὀοτική
1542 1273 1610 1300 ἐστιν
1637 1273 1757 1307 ἄρθρου,

206 1320 419 1353 ἐπιρρηματικῆς
438 1317 468 1344 δὲ
487 1317 573 1352 ἔχεται
593 1316 752 1349 συντάξεως,
772 1317 858 1344 schol.
874 1318 901 1344 A
916 1319 951 1344 99
971 1317 1002 1344 τὸ
1021 1317 1153 1353 ἀπριάτην
1165 1318 1385 1353 ἐπιρρηματικῶς
1400 1318 1492 1345 ἀκούει
1508 1318 1688 1348 Ἀπολλώνιος
1700 1318 1759 1345 ἀντὶ

206 1368 255 1392 τοῦ
275 1363 418 1399 ἀπριάόην.

342 1408 631 1443 ἐπισυνζευγνύναι
651 1409 826 1444 coniungere,
850 1408 900 1436 Ar.
918 1408 945 1435 Β
959 1410 1014 1436 278
1034 1409 1074 1439 ὡς
1093 1409 1185 1444 φάσαν
1205 1410 1221 1444 ἡ
1242 1407 1364 1446 πληθύς]
1389 1424 1427 1429 -
1452 1409 1481 1436 τὸ
1500 1410 1605 1436 ἔννοιαν
1624 1410 1690 1445 ἔχον
1709 1414 1757 1437 τοῦ

204 1455 331 1490 πλήθους
350 1455 438 1489 ὄνομα
457 1453 528 1489 πρὸς
546 1453 577 1480 τὸ
596 1454 780 1489 πληθυντικὸν
799 1455 983 1486 ἐπισυνέζευξε
1002 1454 1032 1481 τὸ
1052 1454 1150 1489 φάσαν.
1171 1454 1244 1482 conf.
1269 1454 1397 1482 ἀπαντᾶν.

342 1497 628 1535 ἐπισυντέμνεινπ)
642 1507 777 1534 coercere,
795 1499 897 1527 dicitur
910 1499 944 1527 de
958 1500 1020 1527 loco
1034 1500 1063 1527 in
1079 1499 1188 1527 brevius
1205 1499 1318 1527 redacto
1334 1499 1382 1536 (=
1396 1499 1558 1535 συντέμνειν)
1579 1499 1629 1527 Ar.
1645 1499 1673 1527 B
1683 1501 1757 1528 156·

206 1547 271 1583 Ζην.
291 1547 380 1576 οὕτως
398 1546 627 1580 ἐπισυντὲτμηκεν.

342 1591 500 1625 ἐπίταγμα
524 1590 694 1625 ,additivum
716 1591 761 1619 vel
780 1592 950 1627 appositum‘
973 1590 1070 1627 (Prisc.
1086 1591 1182 1620 XVII
1201 1592 1249 1628 20)
1270 1591 1305 1619 ab
1324 1591 1486 1619 Axistarcho
1507 1597 1696 1628 nuncupatum
1716 1597 1757 1620 est

204 1645 356 1673 pronomen
375 1636 462 1668 αὐτός,
483 1637 550 1671 quia
568 1636 641 1671 πάσῃ
662 1636 817 1672 ἀντωνυμίᾳ
833 1637 996 1664 ἑπιτάσσεται
1016 1636 1122 1672 (Apoll.
1142 1645 1220 1672 pron.
1237 1646 1264 1672 p.
1282 1638 1318 1664 41
1334 1636 1368 1673 C)
1387 1637 1430 1664 vel
1450 1637 1553 1664 σύνεστι
1573 1637 1610 1673 (p.
1626 1637 1756 1674 79A)⁷⁹).

204 1682 255 1710 As.
274 1682 308 1709 K
318 1683 374 1709 204
394 1697 430 1701 —-
449 1681 479 1708 τὸ
499 1681 583 1708 αὐτοῦ
603 1681 650 1708 καὶ
668 1682 760 1708 αὐτῶν
779 1682 872 1709 κοινόν
891 1683 960 1709 ἐστιν
979 1682 1110 1717 ἐπίταγμα
1129 1684 1185 1709 τῶν
1204 1684 1287 1717 τριῶν
1305 1683 1468 1718 προςώπων.

341 1727 484 1757 ἐπίτασις
502 1728 630 1762 intentio,
647 1727 732 1755 schol.
749 1727 775 1754 A
790 1729 847 1755 514
866 1728 908 1758 ὀὶς
920 1728 951 1755 τὸ
966 1728 1032 1755 αὐτὸ
1051 1728 1193 1763 πέφρακεν
1212 1728 1357 1759 ἒπιτάσεως
1375 1729 1454 1764 χάριν
1474 1732 1503 1756 et
1522 1729 1625 1757 similia
1639 1730 1755 1765 saepius.

203 1773 320 1809 Proprie
334 1772 434 1800 dicitur
450 1772 480 1800 τὸ
499 1775 521 1800 'oi
534 1773 598 1800 ’κατ’
619 1773 736 1800 ἐπίτασιν
754 1773 970 1808 intellegendum
984 1782 1057 1801 esse:
1078 1773 1129 1801 Ar.
1147 1773 1181 1800 N
1189 1777 1223 1801 41
1246 1773 1377 1811 ἄβρομοι]
1399 1775 1438 1801 δτι
1457 1774 1515 1801 ἀντὶ
1533 1779 1582 1802 τοῦ
1602 1776 1672 1810 ἄγαν
1690 1776 1754 1810 βρο-

203 1823 317 1855 μοῦντες
336 1818 382 1846 καὶ
401 1818 471 1854 ἄγαν
490 1819 635 1855 ῖαχοῦντες,
655 1820 716 1848 κατ’
736 1820 853 1848 ἐπίτασιν
872 1823 920 1847 τοῦ
938 1822 959 1847 ’ἅ
978 1819 1111 1855 κειμένου,
1132 1819 1217 1847 801101.
1235 1819 1269 1847 N
1277 1821 1294 1847 6
1311 1836 1347 1840 -
1367 1821 1394 1847 οἱ
1413 1820 1443 1848 δὲ
1462 1820 1492 1848 τὸ
1512 1823 1533 1848 a
1551 1821 1611 1848 κατ’
1632 1822 1754 1853 ἐπίτασιν,

203 1865 238 1893 ἵν’
258 1864 277 1900 ᾖ
296 1865 436 1899 πολυβίων
455 1865 502 1892 καὶ
520 1866 660 1893 πολυετῶν
679 1866 719 1902 (in
739 1865 848 1901 ἀβίων),
875 1865 961 1893 schol.
982 1865 1016 1892 N
1028 1866 1063 1892 41
1089 1866 1197 1900 αὐΐαχοι
1220 1874 1237 1892 a
1256 1865 1420 1900 quibusdam
1445 1867 1598 1902 explicatur
1617 1867 1677 1893 κατ’
1699 1868 1753 1894 ἐπί-

202 1920 279 1937 τασιν
298 1911 375 1940 ὄντος
394 1914 442 1937 τοῦ
460 1912 488 1942 ἃ,
508 1911 605 1946 ἇΐαχοι,
625 1911 679 1939 εἶτα
698 1911 896 1940 πλεονάσαντος
914 1915 963 1937 τοῦ
981 1908 1008 1938 ὗ.

340 1977 369 2007 ⁷⁷)
387 1978 449 2001 conf.
466 1978 626 2002 Sehoemanni
641 1979 771 2002 Redetheile
785 1987 809 2008 p.
826 1979 870 2001 163
886 1985 951 2007 sequ..
967 1978 996 2001 de
1012 1979 1117 2002 nomine.

341 2014 369 2044 ⁷⁸)
386 2015 447 2041 cons,
463 2016 623 2040 Duentzerum
639 2017 695 2040 Zeu.
709 2025 734 2047 p.
749 2018 780 2040 48
796 2016 850 2042 adn.
865 2017 903 2041 69.

341 2053 369 2082 ⁷⁹)
387 2053 453 2076 Confi.
469 2053 564 2077 Lehmii
577 2056 665 2084 quaest.
681 2062 714 2084 ep.
730 2063 755 2085 p.
771 2055 816 2078 112
832 2054 1009 2077 adnotationem
1025 2054 1132 2078 alteram.

1533 2094 1569 2116 4}
