1883 2394
178 93 197 120 4

180 175 255 212 quod
275 174 413 203 antecedit
433 174 568 211 applicari
588 175 687 202 solitae
708 176 778 201 sunt.
817 174 870 201 Ar.
891 175 920 201 Σ
931 176 986 202 376
1007 175 1082 210 ὄφρά
1102 173 1140 211 οἳ]
1161 174 1201 201 ὅτι
1220 175 1419 211 ἐγκεκλιμένως
1439 173 1662 211 ἀναγνωστέονθ),
1683 174 1735 202 Ar.

179 222 206 250 Β
221 222 295 250 189*
315 222 366 249 οὐκ
386 221 520 257 ἐγκλιτέον
538 220 586 248 τὸν
605 221 636 249 δέ
656 221 808 256 σύνδεσμον
827 220 868 257 (in
888 220 935 248 τὸν
955 221 999 256 δ’),
1020 220 1072 249 Ar.
1089 221 1115 248 A
1130 222 1185 248 272
1206 221 1405 257 ἔγκεκλιμένως
1425 222 1614 258 ἀναγνωστέον
1634 225 1662 249 et
1680 221 1733 249 Ar.

180 269 206 296 A
221 270 275 296 217
296 269 429 303 ἐγκλιτέον
441 268 490 303 τὴν
510 268 664 302 ἀνάγνωσιν
684 268 712 295 in
726 267 908 303 Πηλείδήθελ’
931 267 964 294 ἵν’
986 266 1004 303 ᾖ
1024 268 1107 295 ἔθελε.
1128 266 1224 300 (schol.
1238 267 1264 294 Ξ
1274 268 1331 295 328
1347 277 1402 296 non
1420 272 1462 296 ost
1474 269 1504 296 in
1517 267 1579 303 A⁴).
1608 269 1632 295 2.
1654 268 1737 303 signi-

180 314 245 342 ficat
268 314 395 349 ἐγκλίνειν
418 313 493 341 idem
517 316 600 349 atquo
627 313 765 348 βαρύνειν,
794 312 869 348 quod
893 312 996 340 diserte
1020 312 1140 340 affimat
1162 312 1271 340 Herod.
1291 313 1316 341 Ο
1335 315 1388 341 146
1414 314 1484 345 Ζεὺς
1506 314 1570 350 σφὼ
1598 314 1635 344 εἰς
1653 311 1737 350 Ἴδην]

181 361 227 388 καὶ
245 360 276 388 τὸ
296 360 366 390 Ζεύς
386 360 431 387 καὶ
450 359 481 387 τὸ
501 360 565 395 σφώ
586 359 729 395 ἐγκλιτέον,
756 360 872 386 τουτέστι
895 360 1093 395 βαρυτονητέον
1113 362 1166 387 eto.
1189 358 1256 387 Huc
1276 359 1451 388 referendum
1471 360 1539 388 Did.
1556 360 1582 387 Ξ
1592 361 1648 387 499
1672 360 1688 387 ὁ
1708 359 1738 386 δὲ

181 410 221 442 φῆ
240 405 370 442 κώδειαν]
390 406 406 432 ὁ
426 406 477 440 μὲν
497 406 562 440 Ζην.
583 406 629 432 καὶ
647 405 694 432 τὸν
714 405 745 432 δέ
764 405 811 432 καὶ
830 405 876 432 τὸν
896 406 935 440 φή
956 405 1068 439 ἑγκλίνει
1093 404 1201 440 (scribit
1221 405 1251 432 δὲ
1271 406 1310 440 φὴ
1332 406 1393 440 κ.5),
1420 406 1486 434 Por.
1502 406 1532 433 Γ
1540 407 1576 433 46
1597 407 1613 441 ἢ
1634 406 1738 433 τοιόσδε

180 450 246 488 ἐών]
270 451 388 478 ἐνταῦθα
413 451 443 478 δὲ
466 451 611 485 ἐγκλίνεται
634 451 650 477 ὁ
675 450 826 485 σύνδεσμος
851 459 885 477 sc.
906 452 935 485 ἢ,
963 459 1027 477 nam
1054 451 1146 486 pergit
1172 450 1278 485 ὁμοίως
1301 453 1340 485 τῷ
1368 453 1392 486 ,ἢ
1413 451 1460 478 καὶ
1479 451 1586 487 Λαέρτῃ
1607 453 1668 479 etc!
1693 452 1741 477 καί

179 508 227 533 μοι
255 498 332 525 δοκεῖ
361 497 535 532 ἰσοδυναμεῖν
569 499 608 531 τῷ
638 497 667 529 εἴ,
696 496 784 523 schol.
807 496 822 523 I
845 498 899 523 539
929 495 1019 531 ὦρσεν
1046 497 1088 523 ἔπι
1115 494 1244 533 χλούνην]
1273 497 1300 523 οἱ
1327 497 1379 532 μὲν
1407 497 1631 533 ἀναστρέφουσιν,
1659 497 1691 524 ἵν’
1720 496 1738 532 ᾖ

180 544 314 577 ἑπῶρσεν“
335 544 362 569 οἱ
381 543 411 569 δὲ
431 543 574 575 ἐνέκλιναν,
594 543 637 569 ἵνα
658 542 765 577 γένηται
784 542 814 568 τὸ
835 543 897 577 ἑξῆς
916 542 959 569 ἐπὶ
978 542 1027 577 τὴν
1046 542 1171 577 χλούνην,
1191 542 1253 569 sim.
1276 542 1363 570 schol.
1385 542 1448 570 ⁹¹4.

316 588 482 623 ἐγκλιτικά
506 596 540 615 ea
566 587 696 615 dicuntur
723 586 808 614 verba
835 596 906 622 quae
934 590 1046 614 acutum
1074 588 1103 614 in
1126 595 1238 622 gravem
1261 590 1370 615 mutant
1397 589 1425 615 in
1454 589 1579 615 oratione
1608 588 1739 615 continua

181 639 209 662 et
228 635 256 662 in
278 634 457 662 antecedente
477 633 613 662 vocabulo
634 638 746 662 acutum
766 632 904 661 excitant⁶
924 633 1011 661 schol.
1031 633 1057 661 B
1071 635 1125 661 565
1147 633 1240 661 F400
1259 632 1284 661 Ο
1298 630 1352 661 15'5
1374 633 1401 661 Ω
1415 635 1480 662 569.

316 680 506 715 ἐγκρίνεινἾ)
523 681 643 715 allegere
664 689 702 707 sc.
719 681 748 707 in
769 689 912 707 numerum
928 689 1056 707 versuum
1076 682 1265 715 suspectorum
1285 680 1332 713 (=
1347 680 1471 715 ἀθετεῖν),
1495 680 1548 708 Ar.
1568 680 1593 708 Θ
1607 682 1735 708 535-37

180 727 219 753 ὅτι
242 728 259 762 ἢ
283 726 395 756 τούτους
419 726 461 753 δεῖ
482 725 545 756 τοὺς
568 728 638 761 τρεῖς
662 726 768 761 στίχους
791 726 880 761 μένειν
906 740 939 744 -
964 726 981 760 ἢ
1005 724 1068 755 τοὺς
1091 726 1154 761 ἑξῆς
1177 728 1246 760 τρεῖς
1270 740 1305 745 —
1331 726 1445 760 ἐγκρίνει
1465 726 1495 753 δὲ
1514 726 1618 761 μᾶλλον
1637 727 1653 753 ὁ
1669 727 1738 761 Ἀρί-

183 782 299 808 σταρχος
318 771 381 802 τοὺς
401 772 551 808 δευτέρους,

317 819 383 845 ἔδει
404 819 535 854 oportuit,
560 819 588 845 in
605 818 763 852 „Aristonici
784 818 909 853 reliquiis
930 817 1026 845 crebro
1047 818 1196 853 invenitur,
1222 817 1269 845 ubi
1290 821 1457 845 structuram
1477 818 1600 854 aliquam
1620 819 1737 847 Homeri

184 873 242 891 esse
262 865 404 899 propriam
425 864 541 891 adnotat
561 868 589 891 et
609 874 670 891 eam
689 865 780 899 ponit,
809 873 878 899 quae
900 873 933 891 ex
956 873 1008 891 usu
1032 864 1217 891 recentiorum
1237 867 1421 899 exspectetur.
1462 864 1564 891 Rarius
1585 864 1654 892 dicit
1673 864 1737 890 ἀκό-

180 910 284 937 λουθον
303 910 338 945 ἦν
361 911 443 937 εἰπεῖν
468 914 496 937 et
515 911 605 946 ἐχρῆν.
645 909 697 937 Ar.
718 910 745 937 B
759 912 813 937 353
835 908 1007 946 ἀστράπτων]
1028 910 1067 937 δτι
1087 910 1280 945 ἀκαταλλήλως
1300 911 1411 945 εἴρηται,
1432 910 1485 937 ἔδει
1506 910 1558 945 γὰρ
1578 913 1737 937 κατανεῦσαι

181 957 376 991 ἀστράπτοντα,
396 956 425 983 Ε
437 956 493 983 27*
512 956 583 991 πρὸς
602 956 632 983 τὸ
653 959 756 991 σχῆμά
780 956 833 983 ἔδει
854 956 907 991 γὰρ
926 958 981 983 τῶν
1001 957 1069 983 υἱῶν
1089 956 1212 991 Δάρητος
1231 955 1279 983 τὸν
1297 956 1348 991 μὲν
1368 956 1540 991 ἀλευάμενον,
1560 955 1607 983 τὸν
1626 956 1656 983 δὲ
1675 957 1737 983 κτά-

180 1012 264 1038 μενον
288 1002 390 1035 OEom:
413 1002 473 1036 υἷε),
501 1001 530 1029 Ε
546 1003 600 1029 774
624 1002 663 1029 ὅτι
686 1002 716 1029 τὸ
741 1002 800 1029 κατ’
827 1002 993 1037 ἀμφοτέρων
1016 1002 1093 1037 ῥῆμα
1112 1001 1212 1037 μεταξὺ
1231 1004 1287 1029 τῶν
1307 1002 1453 1037 ὀνομάτων
1471 1002 1588 1038 τέταχεν·
1612 1002 1665 1029 ἔδει
1685 1002 1737 1037 γὰρ

180 1048 233 1084 ,ᾗχι
249 1048 317 1084 ῥοὰς
330 1048 442 1084 Σιμόεις
455 1049 501 1075 καὶ
514 1048 701 1084 Σκάμανδρος
715 1048 913 1084 συμβάλλετον.
946 1047 1027 1076 Oonf.
1043 1047 1093 1075 Ar.
1107 1048 1133 1075 A
1145 1049 1200 1075 340
1214 1047 1243 1075 Ε
1254 1050 1309 1075 878
1323 1048 1343 1075 Ι
1354 1049 1408 1075 313
1426 1048 1453 1075 Ξ
1463 1049 1517 1075 235
1533 1047 1558 1076 Ο
1572 1049 1627 1075 666
1643 1048 1736 1075 Χ379

185 1094 278 1121 Ψ413
293 1094 359 1121 Did.
373 1094 400 1121 Z
413 1095 446 1120 71
469 1094 556 1121 schol.
577 1095 601 1121 T
612 1095 667 1121 114
688 1094 715 1120 Ω
729 1096 793 1128 588,
817 1094 925 1129 plenior
937 1093 1057 1121 formula
1072 1094 1126 1120 ἔδει
1146 1095 1227 1121 εἰπεῖν
1244 1093 1295 1121 Ar.
1313 1094 1342 1121 E
1354 1095 1407 1121 661
1429 1094 1457 1120 Ρ
1467 1095 1521 1121 178
1542 1093 1629 1121 schol.
1645 1094 1666 1120 Δ
1683 1095 1736 1120 503

180 1139 214 1166 H
224 1140 260 1166 56
282 1139 315 1166 Κ
324 1140 399 1166 404*
420 1139 447 1166 P
458 1139 520 1172 14*‚
540 1139 594 1166 ἔδει
614 1140 698 1174 φάναι
718 1139 771 1167 Ar.
787 1139 814 1166 P
826 1141 868 1173 70,
887 1139 986 1175 partic.
1009 1139 1073 1166 δέον
1093 1138 1142 1166 Ar.
1158 1139 1184 1166 Β
1198 1140 1261 1166 621.
1294 1138 1354 1166 Nec
1368 1139 1458 1166 minus
1472 1138 1574 1166 dicitur
1593 1138 1628 1166 de
1642 1139 1737 1174 quavis

181 1194 210 1212 re
231 1194 315 1220 quam
334 1185 457 1221 postulat
477 1186 606 1221 analogia
627 1185 710 1213 schol.
730 1185 759 1212 Γ
772 1187 827 1213 387
848 1183 1011 1222 ναιεταώσῃ]
1036 1201 1073 1205 -
1097 1185 1150 1212 ἔδει
1173 1185 1225 1220 μὲν
1247 1185 1418 1220 ναιεταούσῃ,
1442 1185 1468 1212 Λ
1482 1186 1538 1212 480
1558 1184 1737 1212 Aristarchus

181 1230 278 1258 scribit
297 1231 344 1263 λίν,
365 1231 418 1257 ἔδει
437 1232 662 1265 περισπωμένως,
682 1232 722 1260 ὡς
737 1234 791 1265 μῦς
807 1234 869 1265 μῦν,
890 1231 960 1258 conf.
975 1230 1061 1258 schol.
1078 1230 1151 1258 1⁷47
1173 1231 1202 1257 Σ
1214 1232 1267 1257 285
1289 1246 1326 1250 -
1346 1235 1395 1258 aut,
1414 1232 1472 1266 ipse
1492 1239 1557 1257 usus
1570 1230 1737 1257 Homericus

181 1276 230 1303 Ar.
248 1276 276 1303 E
291 1277 328 1303 64
348 1276 487 1308 ἀθετεῖται,
508 1276 547 1303 ὅτι
567 1276 618 1311 οὐχ
639 1276 723 1311 ῦγιῶς
742 1277 906 1311 ἐξενήνοχεν,
927 1277 955 1303 αἱ
973 1278 1055 1303 πᾶσιν
1074 1275 1162 1302 κακὸν
1183 1276 1303 1311 Τρώεσσι
1323 1277 1432 1311 γένοντο
1452 1276 1541 1310 ἑαυτῷ
1558 1285 1593 1308 τε,
1613 1275 1666 1302 ἔδει
1686 1275 1737 1310 γὰρ

182 1323 256 1357 αὐτῷ
275 1333 310 1355 τε,
330 1321 383 1349 Ar.
399 1322 429 1349 Σ
440 1324 496 1349 230
520 1322 576 1350 duo
600 1332 694 1350 versus
718 1322 884 1350 damnantur
907 1338 945 1342 —
968 1323 1029 1349 οὔτε
1052 1322 1082 1349 τὸ
1106 1322 1158 1349 οἷσι
1180 1322 1298 1357 βελέεσσι
1321 1322 1406 1358 ὑγιῶς
1429 1323 1529 1358 εἴρηται
1548 1323 1603 1352 τοῖς
1626 1321 1737 1349 ἑαυτῶν.

182 1369 235 1395 ἔδει
255 1368 308 1403 γὰρ
327 1371 383 1398 τοῖς
403 1369 536 1403 ἀλλήλων,
556 1368 630 1396 conf.
649 1368 702 1395 Ar.
721 1369 792 1395 T94
816 1368 918 1402 Pelo,
938 1369 991 1395 ἔδει
1011 1369 1093 1395 εἰπεῖν
1111 1367 1163 1395 Ar.
1184 1368 1285 1403 91843,
1305 1369 1369 1395 δέον
1388 1368 1439 1395 Ar.
1457 1368 1491 1395 H
1503 1369 1566 1395 127.

318 1414 406 1446 ἔθος,
431 1414 631 1449 εἰθισμένον,
660 1414 782 1443 εἰωθός
806 1413 985 1441 consuetudo.
1028 1413 1093 1440 Diei
1116 1417 1230 1449 possunt
1253 1413 1287 1441 de
1308 1414 1404 1449 quavis
1424 1422 1454 1440 re
1474 1421 1545 1448 quae
1565 1413 1677 1448 propria
1697 1416 1738 1440 est

181 1462 288 1495 poetae.
324 1458 393 1487 Did.
409 1459 438 1487 Γ
448 1461 483 1487 10
503 1459 579 1495 παρὰ
599 1459 630 1487 τὸ
650 1459 752 1490 εἰωθός
768 1458 886 1495 Ὁμήρῳ
906 1460 1063 1495 genetivum
1082 1459 1162 1495 ὄρευς
1182 1468 1240 1487 esse
1261 1459 1416 1495 adnotatur,
1441 1458 1528 1487 schol.
1545 1458 1571 1485 Β
1587 1459 1639 1485 765
1659 1461 1737 1486 τοῦτο

182 1505 211 1532 δὲ
231 1505 298 1535 ἔθος
316 1508 356 1539 τῷ
374 1509 472 1540 ποιητῇ
491 1506 622 1535 πολλάκις
641 1507 670 1533 ἐν
689 1506 845 1540 μονοστίχῳ
864 1508 955 1532 πᾶσαν
975 1506 1072 1540 ἀρετὴν
1091 1506 1231 1540 ἐμφαίνειν
1250 1506 1291 1536 ὡς
1309 1506 1340 1532 τὸ
1363 1506 1448 1540 ,,καλή
1472 1515 1499 1531 τε
1522 1505 1625 1539 μεγάλη
1646 1515 1672 1531 τε
1691 1505 1737 1531 καὶ

182 1550 269 1583 ἀγλαὰ
295 1550 352 1584 ἔργ’
378 1550 486 1577 εἷδυῖα“.
526 1550 578 1577 Ar.
598 1551 625 1577 Z
641 1552 694 1577 311
721 1551 761 1580 ὣς
785 1550 862 1584 ἔφατ’
889 1551 1034 1584 εὐχομένη,
1059 1551 1183 1577 ἀνένευσε
1207 1551 1236 1577 δὲ
1261 1550 1373 1580 Παλλὰς
1388 1548 1505 1585 Ἂθήνη]
1530 1549 1670 1581 ἀθετεῖται,
1698 1550 1737 1576 ὅτι

181 1594 251 1630 πρὸς
271 1595 352 1623 οὐδὲν
371 1595 401 1623 τὸ
421 1596 588 1632 ἐπιφώνημα
608 1596 655 1623 καὶ
675 1596 727 1623 οὐκ
747 1596 908 1631 εἰθισμένον.

319 1641 376 1669 Sed
395 1643 521 1677 inprimis
542 1646 709 1678 usurpantur
723 1642 757 1670 de
777 1642 867 1669 forma
883 1641 994 1669 dicendi
1015 1651 1069 1677 qua
1088 1643 1129 1670 uti
1149 1643 1219 1670 solet
1234 1646 1331 1678 poeta:
1352 1642 1405 1670 Ar.
1421 1642 1447 1669 A
1464 1641 1518 1669 14*
1538 1640 1679 1678 στέμματ’]
1700 1642 1738 1669 ὅτι

181 1687 247 1716 ἔθος
272 1687 347 1721 αὐτῷ
365 1688 557 1722 πληθυντικῶς
577 1688 634 1714 ἀντὶ
653 1691 701 1714 τοῦ
721 1689 819 1717 ἑνικῶς
838 1688 934 1721 λέγειν,
958 1687 1042 1723 Ar.³)
1059 1688 1086 1714 B
1106 1690 1161 1715 284
1185 1689 1251 1718 ἔθος
1274 1689 1349 1722 αὐτῷ
1373 1687 1428 1713 ἀπὸ
1452 1690 1499 1713 τοῦ
1523 1687 1575 1721 γάρ
1599 1687 1737 1721 ἄρχεσθαι,

182 1731 232 1760 Ar.
250 1732 277 1760 Ε
291 1734 345 1760 734
365 1733 520 1769 ἐπανέλαβε,
541 1733 581 1764 ὡς
601 1733 667 1763 ἔθος
687 1733 769 1768 αὐτῷ,
789 1733 838 1768 τὴν
857 1733 918 1768 περὶ
937 1735 984 1769 τῆς
999 1733 1118 1769 Ἀθηνᾶς
1137 1733 1219 1769 λόγον
1242 1733 1374 1768 (formula
1393 1733 1495 1760 usitata
1515 1732 1531 1767 ῆ
1553 1731 1589 1764 δέ,
1610 1740 1664 1767 qua
1684 1741 1736 1759 non

321 1833 339 1861 ⁸)
357 1833 385 1855 de
402 1840 427 1855 re
444 1833 506 1857 conf.
523 1832 617 1855 Lehrsii
634 1832 778 1861 quaestiones
794 1839 828 1861 ep.
844 1840 868 1861 p.
887 1833 931 1854 104
946 1831 959 1861 ξ
976 1833 997 1854 2.

321 1870 338 1899 ⁴)
355 1871 439 1893 Ludw.
455 1870 490 1894 Μ
506 1870 551 1893 Rh.
568 1870 663 1893 XXXII
680 1879 703 1900 p.
721 1872 757 1893 15.

319 1908 339 1935 ⁵)
355 1909 495 1933 Buttmanni
511 1908 590 1932 lea-il!
606 1909 619 1931 Ι
635 1910 687 1936 228,
704 1910 719 1931 2
735 1911 759 1931 et
774 1909 867 1931 Lem-sii
883 1908 957 1933 Arist.
975 1916 997 1938 p.
1014 1910 1051 1932 84.

320 1946 338 1976 ⁸)
355 1947 416 1971 conf.
433 1948 527 1971 Lehrsii
543 1948 629 1977 quaest.
648 1955 682 1977 ep.
698 1956 722 1977 p.
741 1948 785 1970 102
801 1954 865 1976 sequ.

320 1985 338 2013 ⁷)
356 1986 384 2008 de
400 1986 478 2008 verbis
495 1993 553 2014 quae
571 1987 594 2008 in
612 1986 709 2008 scholiis
725 1986 796 2008 Hom.
814 1986 842 2008 de
860 1986 1002 2008 sthetesibus
1018 1988 1146 2009 occurrunt
1161 1987 1223 2009 cons.
1240 1986 1334 2008 Lehrsii
1351 1984 1422 2009 Arist.
1439 1992 1463 2013 p.
1475 1985 1520 2007 ³28
1536 1991 1599 2012 sequ.
1617 1986 1640 2006 et
1655 1984 1736 2010 Ludw,

183 2022 241 2047 Did.
259 2022 271 2045 I
290 2024 332 2046 109
348 2030 412 2052 sequ.

320 2060 339 2091 Β)
356 2061 459 2092 Didymo
476 2062 583 2085 attribuit
599 2062 682 2085 Ludw.
699 2061 757 2085 Did.
774 2062 787 2084 I
803 2070 825 2092 p.
842 2062 887 2085 212
903 2070 967 2091 sequ.
