1883 2394
1676 110 1711 137 21

159 198 189 225 τὸ
209 198 272 233 ἑξῆς
291 197 433 224 συνάπτειν
453 195 480 222 Ζ
492 196 548 222 134
567 194 643 221 157.
686 192 851 231 Quanquam
875 195 995 231 suspicio
1019 198 1061 222 est
1084 193 1213 222 librarios
1237 194 1282 222 hic
1307 193 1366 221 illic
1390 193 1420 221 τὸ
1444 196 1472 221 et
1491 193 1523 220 τὰ
1543 193 1708 229 confudisse,

160 243 194 271 de
218 252 273 280 qua
293 252 322 270 re
343 242 412 269 certi
433 240 500 277 quid
520 240 577 268 dici
596 241 699 277 nequit.
738 239 869 268 Recurrit
888 241 918 268 τὸ
938 241 1001 277 ἑξῆς
1020 240 1070 269 Ar.
1085 241 1104 268 I
1115 242 1170 268 225
1192 240 1258 268 Did.
1275 240 1304 268 E
1317 240 1391 268 ⁷87⁸
1411 239 1430 267 I
1439 240 1496 267 472
1516 238 1580 267 Nic.
1599 239 1713 267 Β167*

159 289 189 316 Γ
199 290 252 316 143
268 289 323 315 352
337 289 394 315 428
414 288 435 314 Δ
453 288 507 314 128
521 289 572 315 etc.
592 287 677 315 schol.
691 287 718 314 B
733 287 815 322 102*,
839 287 908 314 κατὰ
928 287 958 315 τὸ
978 288 1041 323 ἑξῆς
1053 287 1104 315 Ar.
1124 287 1149 315 Θ
1161 288 1217 314 493
1238 286 1273 314 Π
1282 288 1327 321 93,
1351 289 1457 314 tantum
1472 287 1535 322 ἑξῆς
1550 285 1599 313 Ar.
1614 285 1640 313 Z
1651 287 1714 312 490.

159 334 240 363 Oonf.
272 334 359 366 κάτω,
389 334 512 368 ὕστερον,
544 333 611 368 μετὰ
638 337 720 361 ταῦτα
753 336 781 361 et
807 334 955 370 participia
985 332 1131 361 verborum
1159 334 1277 368 ἐπάγειν,
1310 333 1449 367 ἐπιλέγειν,
1480 332 1627 367 ἐκφέρειν,
1655 332 1714 359 ἕπε-

160 380 234 413 σθαι,
254 379 371 415 ἔχεσθαι.

297 422 339 452 115
362 424 486 452 Notandi
506 425 561 452 loci
581 429 656 460 sunt,
687 425 734 453 ubi
760 425 791 452 τὸ
817 425 881 460 ἑξῆς
906 424 1043 460 significat
1070 424 1194 453 ordinem
1221 434 1253 452 ac
1278 433 1412 452 conexum
1435 423 1646 458 vocabulorum,
1666 423 1715 459 qui

159 471 316 507 postulatur
335 471 472 498 sententia
492 473 520 498 et
539 470 645 506 legibus
665 471 861 506 grammaticis.

299 519 321 543 1.
342 516 390 544 ubi
411 516 583 544 enuntiatum
599 517 809 552 interrumpitur
822 518 878 545 sive
892 518 997 545 maiore
1011 517 1067 544 sive
1087 518 1194 545 minore
1214 516 1370 552 parecbasi:
1390 515 1451 543 Nic.
1466 517 1491 543 A
1507 518 1561 543 178
1582 517 1611 543 εἰ
1627 515 1713 551 μάλα

157 563 316 597 καρτερός
335 563 413 595 ἐσσι,
437 562 504 592 θεός
522 573 577 589 που
597 563 640 590 σοὶ
658 563 716 597 τόγ’
737 563 853 595 ἔδωκεν,
878 562 984 590 οἴκαό’
1005 564 1056 590 ἰὼν
1075 579 1111 582 -
1133 563 1355 598 Μυρμιδόνεσσιν
1378 560 1489 599 ἄνασσε]
1512 562 1649 598 praecipit
1669 561 1713 588 διὰ

156 608 243 642 μέσου
267 608 297 634 τὸ
324 608 473 643 ἡμιστίχιον
499 608 705 644 ἁναφωνεῖσθαι
728 609 775 635 καὶ
798 608 828 635 τὸ
852 609 915 644 ἑξῆς
938 609 1004 636 εἶναι
1028 610 1052 636 εἰ
1069 609 1143 644 μάλα
1163 609 1294 643 καρτερός
1314 609 1377 641 ἐσσι,
1398 608 1488 635 οἴκαδ’
1512 608 1563 635 ἰών
1582 610 1611 635 et
1630 607 1713 634 simil.

158 652 221 679 Nic.
236 654 261 679 A
277 655 333 680 234
353 654 379 680 Β
394 656 427 680 99
444 655 499 680 333
514 656 567 680 484
584 655 637 681 527
659 654 688 680 Γ
701 655 736 681 59
754 656 789 681 64
805 654 880 681 411*
901 658 929 682 et
948 654 1154 690 saepissime⁵⁸),
1178 654 1243 682 Por.
1257 654 1349 681 Peos
1370 653 1455 681 schol.
1470 653 1487 680 Ι
1498 654 1551 680 225
1573 653 1665 680 Ρ189
1685 655 1713 679 et

158 698 208 725 Ar.
222 698 249 725 Β
264 700 317 725 745
338 698 368 725 τὸ
388 699 451 734 ἑξῆς
470 703 517 726 τοῦ
536 699 628 733 λόγου.

296 746 320 772 2.
345 745 469 781 proxime
496 744 597 772 absunt
622 744 688 779 loci,
717 744 765 772 ubi
789 745 819 772 τὸ
843 745 906 781 ἑξῆς
930 745 964 773 de
991 745 1081 773 verbis
1106 745 1256 773 secundum
1281 745 1355 779 leges
1378 745 1571 779 grammaticas
1591 744 1663 770 inter
1683 752 1711 770 se

156 790 355 827 coniungendis
375 795 521 828 usurpatur

294 837 323 872 a)
351 838 374 864 si
398 837 465 873 quid
488 839 682 874 interpositum
709 841 757 865 est.
801 836 1007 866 Substantivum
1035 847 1097 866 cum
1125 838 1259 866 attributo
1283 837 1504 873 coniungendum
1527 836 1589 864 Nic.
1611 836 1636 863 A
1654 837 1710 863 305

156 883 261 918 ἀγορὴν
283 883 359 918 παρὰ
382 883 476 918 νηυσὶν
496 882 626 920 Ἀχαιῶν]
652 883 764 910 δύναταί
782 894 819 913 τις
838 884 997 911 ὅιαστέλλειν
1015 884 1105 920 βραχὺ
1130 885 1173 912 ἐπὶ
1195 884 1226 911 τὸ
1249 884 1343 919 νηυσὶν
1366 884 1401 911 ἵν’
1424 882 1443 919 ᾗ
1468 883 1498 910 τὸ
1522 884 1584 918 ἑξῆς
1606 882 1712 917 ἀγορὴν

152 928 284 964 Ἂχαιῶν;
311 929 381 957 conf.
401 928 463 957 Nic.
483 929 516 957 K
534 930 588 956 137
616 929 653 956 Μ
668 931 721 956 177
752 929 780 956 Y
794 931 847 957 146
875 930 902 957 Φ
919 931 976 957 204
999 930 1083 958 schol.
1105 929 1130 958 Θ
1146 932 1214 965 435,
1238 929 1352 957 verbum
1372 938 1435 957 cum
1455 938 1520 957 casu
1539 928 1600 956 Nic.
1618 928 1640 955 A
1654 929 1710 955 396

157 974 275 1001 Nlsso*
292 976 346 1002 315
366 974 391 1002 O
406 977 460 1002 128
483 975 534 1002 Ar.
551 975 661 1009 Γ379,
692 984 753 1003 cum
779 975 913 1003 infinitivo
936 976 1068 1012 pendenti
1092 976 1153 1004 Nic.
1174 977 1207 1003 N
1221 978 1288 1010 135,
1315 976 1484 1012 praepositio
1510 984 1573 1002 cum
1599 975 1709 1002 nomine

156 1019 221 1047 Did.
235 1020 269 1047 H
281 1022 315 1047 73
336 1020 397 1047 Nic.
411 1021 442 1047 X
458 1023 510 1047 146
532 1021 619 1048 schol.
636 1022 662 1048 A
677 1023 731 1049 541
753 1021 789 1048 M
800 1023 836 1048 60
855 1021 880 1049 Ο
894 1024 919 1056 1,
943 1021 1103 1049 adverbium
1120 1031 1183 1049 cum
1197 1022 1324 1057 genetivo
1343 1021 1408 1049 Nic.
1425 1020 1451 1049 Θ
1465 1022 1528 1055 106,
1552 1029 1614 1048 cum
1627 1019 1710 1048 verbo

154 1065 216 1093 Nic.
235 1066 253 1092 Ι
269 1067 323 1093 302
351 1065 437 1093 schol.
455 1066 492 1092 M
503 1067 572 1100 434,
601 1067 760 1095 coniunctio
781 1075 843 1094 cum
863 1067 947 1095 verbo
968 1067 1052 1095 schol.
1066 1068 1103 1094 M
1115 1068 1178 1095 393.
1217 1067 1284 1095 Huc
1304 1070 1412 1103 spectat
1431 1066 1515 1094 schol.
1530 1067 1550 1093 Δ
1566 1068 1620 1093 539
1641 1066 1710 1093 ἔνθα

154 1122 202 1139 κεν
225 1112 314 1139 οὐκέτι
337 1113 418 1147 ἔργον
442 1112 512 1147 ἀνὴρ
536 1112 661 1139 ὀνόσαιτο
684 1111 837 1150 μετελθών]
864 1129 900 1132 -
921 1113 1118 1149 Ἀσκαλωνίτης
1140 1113 1252 1148 βαρύνει
1271 1113 1320 1148 τὴν
1339 1113 1373 1140 οὗ
1393 1113 1532 1148 ἀπόφασιν
1550 1112 1646 1144 οὐκέτι,
1666 1112 1709 1138 ἵνα

154 1157 176 1193 ἤ
191 1158 222 1185 τὸ
242 1158 305 1193 ἑξῆς
325 1158 396 1193 ἀρχὴ
417 1158 453 1185 ἔτι
478 1157 543 1194 (hoc
563 1161 737 1194 corruptum3
766 1168 801 1186 an
821 1160 903 1194 ἔργον
922 1157 989 1194 ἕτιῗ)
1013 1159 1063 1186 alii
1086 1160 1120 1186 οὔ
1140 1160 1172 1186 κε’
1191 1170 1213 1186 τι
1234 1175 1270 1179 -
1291 1159 1334 1186 ἵνα
1353 1158 1384 1186 τὸ
1404 1159 1467 1194 ἑξῆς
1485 1157 1503 1194 ᾗ
1523 1158 1575 1185 οὐκ
1595 1159 1629 1184 ἂν
1647 1157 1709 1185 ὀνό-

154 1214 228 1231 σαιτο
249 1204 295 1231 καὶ
315 1205 439 1239 φανέντα.

292 1249 321 1284 b)
342 1249 390 1277 ubi
410 1251 450 1277 nil
470 1251 663 1286 interpositum
684 1254 732 1278 est.
751 1250 813 1278 Nic.
827 1251 854 1278 Λ
867 1252 922 1279 421
944 1252 1057 1278 οὔτασεν
1076 1250 1157 1286 ὦμον
1176 1251 1280 1286 ὕπερθε
1299 1251 1465 1286 μετάλμενος
1484 1251 1539 1281 ὀξέι
1558 1248 1649 1286 ὁουρί]
1673 1265 1708 1269 -

154 1296 309 1332 ἀμφίβολον
328 1296 359 1329 δὲ
378 1296 425 1323 καὶ
443 1296 474 1323 τὸ
494 1297 557 1332 ἑξῆς
576 1297 635 1332 ἤτοι
655 1297 707 1332 γὰρ
726 1297 893 1332 μετάλμενος
908 1298 964 1328 ὀξέι
977 1297 1058 1332 δουρί
1070 1300 1121 1324 etc.
1140 1296 1213 1324 conf.
1227 1296 1277 1324 Ar.
1291 1296 1319 1324 E
1333 1297 1389 1324 329
1409 1296 1443 1323 Π
1455 1298 1516 1331 161,
1540 1296 1709 1332 praepositio

155 1351 217 1369 cnm
237 1343 348 1370 nomine
368 1342 559 1378 coniungenda
579 1342 628 1370 Ar.
642 1343 669 1370 Β
683 1343 757 1370 109*
777 1343 869 1371 Ρ240
889 1342 977 1371 schol.
993 1343 1012 1370 I
1026 1344 1080 1370 539
1101 1343 1135 1370 K
1148 1343 1210 1370 1·9*.

292 1389 316 1414 3.
348 1386 508 1423 Sequuntur
531 1388 587 1415 loci
610 1388 659 1416 ubi
686 1389 833 1416 collocatio
859 1388 1005 1416 verborum
1032 1393 1080 1416 aut
1103 1390 1212 1417 inversa
1235 1392 1283 1416 aut
1305 1390 1393 1424 magis
1413 1389 1555 1424 implicata
1575 1392 1616 1415 est
1645 1387 1706 1415 Nic.

154 1433 181 1459 Β
194 1434 249 1460 805
269 1433 364 1460 πολλοὶ
383 1433 436 1468 γὰρ
456 1433 525 1460 κατὰ
545 1434 611 1461 ἄστυ
631 1450 667 1453 -
687 1437 770 1461 τοῖσιν
788 1435 902 1465 ἕκαστος
921 1435 991 1470 ἀνὴρ
1011 1433 1178 1471 σημαινέτω]
1199 1450 1238 1454 —
1256 1434 1287 1462 τὸ
1307 1435 1380 1470 ἑξῆς,
1406 1437 1487 1461 τοῖσιν
1506 1435 1619 1463 ἕκαστος
1638 1434 1709 1468 ἀνὴρ

154 1479 318 1514 σημαινέτω·
337 1478 432 1506 πολλοὶ
452 1479 505 1515 γὰρ
524 1479 594 1506 κατὰ
614 1480 680 1507 ἄστυ
699 1480 781 1515 μέγα·
801 1480 849 1515 τὴν
869 1481 953 1507 αἰτίαν
965 1480 1152 1515 προλαβόντος
1165 1484 1213 1507 τοῦ
1232 1484 1353 1515 ποιητοῦ.
1373 1479 1448 1508 conf.
1464 1479 1527 1507 Nic.
1542 1479 1569 1506 B
1582 1480 1637 1506 293
1651 1480 1708 1506 463

154 1526 209 1552 642
229 1524 264 1552 H
277 1527 329 1552 174
354 1524 379 1552 Θ
392 1526 447 1552 306
468 1525 569 1553 Κ424
582 1529 633 1553 etc.
652 1525 716 1554 Por.
730 1526 830 1554 11850
850 1526 936 1554 schol.
961 1525 986 1554 Θ
1000 1527 1054 1553 189
1075 1526 1193 1554 Κ199*
1213 1526 1328 1553 Σ220*
1349 1525 1377 1553 Ω
1391 1527 1455 1553 569.

290 1572 317 1598 4.
341 1570 412 1598 Sunt
432 1580 542 1607 quoque
563 1572 626 1606 loci,
650 1571 699 1599 ubi
718 1572 840 1600 formula
859 1572 889 1599 τὸ
909 1573 972 1608 ἑξῆς
991 1581 1046 1599 non
1067 1573 1157 1600 solum
1177 1573 1325 1600 collocatio
1345 1572 1491 1607 indicatur,
1516 1580 1587 1608 quae
1607 1581 1622 1599 e
1643 1581 1708 1600 con-

155 1616 300 1644 suetudine
324 1615 465 1644 cotidiana
485 1620 670 1653 exspectatur,
696 1617 744 1644 sed
768 1617 858 1645 verbis
882 1620 909 1645 et
933 1621 1071 1645 structura
1092 1621 1191 1653 poetae
1215 1618 1305 1645 minus
1330 1618 1419 1653 magis
1438 1618 1552 1644 mutatis
1572 1619 1708 1645 sententia

153 1663 214 1698 ipsa
233 1662 395 1698 explicatur.
438 1661 505 1690 Huc
529 1663 585 1690 iam
611 1663 759 1691 referenda
784 1672 855 1699 quae
881 1672 963 1699 supra
984 1663 1125 1699 attigimus
1144 1663 1229 1691 schol.
1247 1664 1269 1690 Δ
1289 1664 1343 1691 539
1364 1663 1384 1691 Ι
1394 1664 1449 1691 839
1470 1664 1503 1691 K
1515 1663 1569 1692 19*
1589 1664 1638 1697 aL,
1659 1663 1708 1691 sed

152 1708 279 1744 inprimis
299 1707 380 1735 talia:
407 1707 457 1735 Ar.
477 1708 568 1735 Y3ll
590 1710 607 1744 ἤ
628 1709 676 1735 κέν
694 1719 742 1743 μιν
761 1709 892 1744 ἐρύσσεαι,
913 1710 930 1744 ἤ
951 1720 998 1736 κεν
1017 1708 1115 1746 ἐάσεις]
1138 1710 1177 1736 ὅτι
1196 1709 1323 1745 περισσὸς
1343 1710 1359 1737 ὅ
1379 1710 1437 1742 κέν,
1458 1710 1504 1737 καὶ
1523 1711 1577 1737 ἔστι
1596 1710 1626 1737 τὸ
1645 1710 1708 1745 ἑξῆς

152 1754 169 1789 ἢ
196 1753 300 1788 ἐρύσεις
323 1754 340 1789 ἢ
365 1753 447 1780 αὐτὸν
470 1754 568 1786 ἐάσεις,
593 1753 642 1781 Ar.
657 1754 746 1781 T105
771 1755 803 1781 οἵ
821 1755 852 1781 θ’
877 1755 990 1790 αἵματος
1013 1756 1043 1786 ἐξ
1065 1756 1131 1790 ἐμεῦ
1151 1754 1228 1792 εἰσίν]
1252 1755 1283 1782 τὸ
1303 1756 1366 1791 ἑξῆς
1386 1756 1462 1788 ἐστὶν,
1482 1755 1523 1786 οἷς
1541 1755 1572 1782 τὸ
1592 1756 1659 1790 αἷμα
1678 1756 1708 1786 ἐξ

152 1800 222 1834 ἐμοῦ
241 1799 320 1832 ἐστὶν,
344 1799 406 1835 οὐχὶ
425 1800 454 1826 οἳ
469 1800 583 1834 αἵματος
603 1801 633 1831 ἐξ
651 1801 721 1835 ἐμοῦ
740 1800 815 1833 εἰσίν,
839 1800 924 1828 schol.
937 1801 964 1828 A
976 1802 1033 1828 413
1054 1801 1133 1828 ἔλσαν
1153 1801 1180 1828 δ’
1207 1802 1236 1829 ἐν
1259 1802 1381 1837 μέσσοισι
1400 1799 1548 1838 (Ulixem)]
1568 1816 1608 1821 —
1627 1801 1657 1828 τὸ
1676 1801 1706 1828 δὲ

152 1845 216 1880 ἑξῆς
243 1845 323 1878 ἐστὶν,
351 1846 380 1873 ἐν
406 1846 499 1880 μέσοις
527 1845 618 1876 αὐτοῖς
643 1846 816 1874 συνέκλεισαν
842 1846 889 1874 τὸν
912 1846 1046 1875 Ὀδυσσέα
1102 1846 1183 1875 Oonf.
1205 1846 1257 1875 Ar.
1278 1847 1306 1875 Ω
1327 1849 1383 1876 544
1409 1846 1472 1876 Nic.
1491 1847 1513 1874 Δ
1533 1848 1589 1875 457
1622 1846 1704 1875 schol.

156 1889 181 1916 Θ
196 1891 251 1916 441
272 1890 299 1917 A
313 1892 367 1917 297
382 1892 447 1917 365.

288 1936 350 1967 ἔξω
371 1937 444 1970 sine3
472 1936 569 1965 eodem
589 1945 669 1965 sensu
693 1938 770 1970 ἄνευ,
797 1937 869 1973 δίχα,
897 1939 989 1974 χωρίς.
1029 1938 1080 1966 Est
1104 1938 1173 1966 haec
1197 1948 1307 1975 quoque
1332 1940 1442 1974 vocula,
1472 1943 1503 1967 ut
1527 1940 1598 1971 ἄνευ,
1625 1939 1704 1965 unius

290 2039 320 2069 ⁶⁸)
336 2041 390 2064 Nic.
408 2042 430 2065 Ξ
439 2042 483 2065 116
500 2044 524 2065 et
542 2043 562 2065 Φ
573 2043 618 2066 287
635 2043 708 2066 astera
723 2049 778 2071 pm
794 2044 910 2066 enuntiati
927 2051 985 2073 quse
997 2051 1050 2067 cum
1061 2046 1141 2074 priore
1157 2046 1323 2075 coniungenda
1338 2046 1376 2072 sit,
1392 2045 1486 2072 excidit,
1502 2045 1603 2068 rufinit
1617 2044 1704 2067 Friedl.

152 2076 217 2105 quod
233 2076 373 2101 Dindorfins
389 2080 415 2102 in
431 2080 584 2104 adnotatione
600 2082 691 2104 tuntum
708 2082 885 2104 commonent.
