1883 2394
1662 137 1700 166 1⁷

146 221 283 249 notaverit
310 219 465 248 Homerum
494 228 528 247 ex
555 219 753 248 consuetudine
780 219 811 247 τὸ
841 220 960 248 ἐναντίον
990 219 1022 247 ἐκ
1051 222 1099 247 τοῦ
1131 219 1251 247 ἐναντίου
1278 219 1473 255 δεδηλωκέναι,
1503 227 1614 249 causam
1645 230 1699 249 non

147 265 316 303 exploro⁴¹).

284 311 463 340 Contrarium
486 311 547 339 fieri
571 320 604 339 ac
628 312 703 348 quod
727 311 821 340 verbis
848 312 984 348 expressis
1003 312 1117 347 dicitur,
1141 312 1257 340 adnotat
1275 311 1327 340 Ar.
1343 312 1370 340 Θ
1382 313 1437 340 526
1457 312 1497 340 ὅτι
1517 312 1583 348 Ζην.
1603 313 1702 348 γράφει

146 359 261 393 ἔλπομαι
285 357 434 393 εὐχόμενος
460 373 496 377 -
521 357 674 385 τούναντίον
699 359 800 385 οἰκεῖον
822 358 938 394 εὔχομαι
957 358 1106 393 ἐλπόμενος
1126 362 1154 385 et
1175 356 1240 385 Did.
1265 357 1363 386 eodem
1382 358 1458 392 loco;
1478 358 1530 386 Ar.
1553 358 1647 386 311119
1667 358 1702 386 de

145 407 228 438 poeta
254 402 356 430 dicitur
384 404 547 430 κτυπέουσαι
572 402 680 440 πῖπτον]
707 404 747 431 ὅτι
772 404 803 430 τὸ
823 404 943 431 ἐναντίον
966 405 1031 438 ἔφη·
1058 404 1202 430 πίπτουσαι
1228 403 1281 438 γὰρ
1308 404 1411 430 κτύπον
1436 407 1574 439 παρεῖχον.
1618 403 1702 431 Huc

146 448 263 483 figuram
282 449 396 484 proprio
416 447 550 475 vocabulo
571 449 706 484 appellari
726 449 907 484 ἀναστροφήν
925 448 1124 476 recentioribus
1144 448 1257 476 scholiis
1277 448 1404 476 traditur.

282 493 469 529 ἐναντιότης
488 495 660 529 repugnatio,
685 496 862 529 contrarium,
882 493 967 522 schol.
983 494 1005 521 Δ
1021 495 1076 521 222
1096 495 1190 530 χάρμη
1211 495 1228 529 ἡ
1247 495 1335 530 μάχη,
1356 495 1415 529 ἤτοι
1437 495 1505 522 κατὰ
1525 494 1701 530 ἐναντιότητα.

147 538 203 574 Qui
222 540 334 575 χάρμην
352 540 392 567 ita
408 539 563 575 explicavit,
587 548 654 568 voce
668 540 856 575 ἐναντιότητος,
876 543 908 567 ut
923 543 965 567 est
980 540 1160 574 generalioris
1181 540 1310 574 notionis,
1331 540 1426 574 utitur,
1444 539 1492 567 ubi
1507 541 1531 568 si
1544 541 1702 568 accuratius

146 584 239 613 dicere
258 584 377 620 volebat,
401 585 537 621 εὐφημίας
556 584 720 614 vocabulum
740 586 842 621 eligere
862 585 988 614 debebat.

283 632 513 658 ἐναντιοῦσθαι
537 631 684 659 adversari.
723 631 773 659 Ar.
791 632 889 659 Ε807
910 631 978 659 Zeu.
1005 640 1115 659 versum
1138 632 1266 666 inseruit,
1293 632 1456 659 ἐναντιοῦται
1482 632 1522 665 δέ,
1546 632 1597 659 Ar.
1625 631 1701 660 639

145 679 201 706 τοῖς
220 676 418 711 ὑποκειμένοις,
442 676 492 703 Ar.
506 676 538 703 H
550 678 607 704 334
625 677 658 703 τὰ
678 677 741 712 ἑξῆς
759 676 882 704 versibus
903 676 1055 711 damnatis,
1083 676 1134 703 Ar.
1156 676 1185 703 Y
1198 678 1254 703 234
1276 679 1332 706 τοῖς
1355 678 1496 711 νεωτέροις
1514 680 1609 712 poeta,
1633 676 1699 704 Nic.

147 723 172 749 A
192 723 246 750 211
275 722 431 759 explicandi
455 723 557 751 rationi
580 723 610 750 τό
634 733 661 750 τε
686 723 839 758 ὗπέρβατον
862 725 911 750 τοῦ
936 723 989 758 γάρ
1013 722 1166 758 συνῦέσμου
1190 722 1236 749 καὶ
1258 722 1289 750 τὸ
1313 722 1477 758 ὀιλογεῒσθαι
1499 723 1531 750 τὰ
1558 723 1700 759 ἦμιστίχια.

147 767 304 803 Synonyma
329 769 515 803 ἀντιπράττειν,
544 769 714 801 ἀντιπίπτειν,
742 768 901 803 διαφωνεῖν,
929 769 1048 795 ἐναντίον
1075 768 1152 801 εἶναι,
1179 769 1298 795 ἐναντίον
1321 779 1344 795 τι
1367 769 1447 804 ἔχειν,
1475 769 1600 799 ἐναντίως
1623 769 1701 804 ἔχειν,
1723 781 1727 784 ⁴

147 813 292 849 μάχεσθαι,
313 814 504 849 ἀκατάλληλον,
525 813 577 840 οὐκ
598 813 755 840 ἀκόλουθον
774 813 847 840 εἶναι.

285 860 438 890 ἐναντίως
457 860 542 896 ἔχειν
562 859 710 894 adversari,
730 858 781 887 Ar.
799 859 902 894 Γ334,
926 859 999 887 nude
1020 859 1146 890 ἐναντίως
1165 859 1215 887 Ar.
1229 859 1262 886 X
1274 860 1336 887 199.

285 906 472 935 ἐναντίωσις
491 906 666 940 repugnatio,
694 906 839 940 oppositio.
878 905 941 933 Nic.
962 905 999 932 Μ
1010 907 1065 932 178
1085 906 1234 941 ἀχνύμενοί
1250 916 1309 940 περ,
1331 906 1437 940 ἀνάγκη
1457 908 1532 940 νηῶν
1551 904 1699 943 ἠμύνοντο]

147 950 252 985 ἀνάγκη
280 950 477 984 seiungendum
501 950 689 985 pronuntianti
713 950 747 977 ab
768 950 807 977 eis
827 959 897 985 quae
917 950 1087 985 praecedunt
1109 951 1152 976 ἴνα
1173 951 1339 985 σαφέστερον
1361 952 1471 985 περιστῇ
1496 951 1514 985 ἥ
1539 960 1566 977 τε
1584 951 1701 980 ἐπίτασις

147 996 193 1024 καὶ
213 997 230 1032 ἡ
251 995 411 1030 ἐναντίωσις,
431 995 495 1025 Nic.
512 996 538 1024 A
553 997 608 1024 280
628 998 676 1024 τοῦ
696 996 762 1024 ἀλλά
783 1013 818 1017 -
840 996 994 1024 ἐναντίωσιν
1012 996 1204 1032 παριστάντος;
1225 995 1298 1024 conf.
1319 995 1483 1024 ἀντιτιθέναι.

284 1043 436 1077 ἐνάργεια
464 1042 526 1078 plus
558 1047 600 1070 est
626 1042 765 1070 evidentia
791 1043 847 1077 vel,
879 1046 910 1070 ut
942 1043 991 1070 alii
1019 1042 1128 1076 dicunt,
1160 1043 1379 1078 repraesentatio
1411 1051 1494 1078 quam
1520 1043 1700 1079 perspicuitas

147 1086 254 1122 (Quint.
278 1087 358 1120 VIII,
385 1089 409 1122 3,
426 1088 483 1121 61),
510 1088 659 1115 illustratio
684 1087 733 1122 (ib.
752 1087 804 1120 VI,
829 1089 855 1122 2,
880 1088 940 1122 32),
964 1087 1025 1114 Nic.
1043 1088 1069 1114 A
1087 1089 1142 1114 548
1170 1089 1199 1114 αἱ
1224 1088 1380 1122 παραβολαὶ
1408 1103 1444 1107 —
1472 1088 1602 1122 γίγνονται
1622 1088 1700 1122 ἐναρ-

147 1134 220 1168 γείας
240 1133 326 1160 ἕνεκα.

284 1179 390 1205 ἔνδεια
415 1179 548 1214 defectio,
579 1179 726 1206 adhibetur
749 1179 783 1206 de
809 1180 909 1206 litteris
936 1188 1007 1214 quae
1033 1180 1062 1206 in
1085 1179 1177 1206 medio
1200 1179 1336 1206 vocabulo
1360 1180 1502 1207 evanuisse
1526 1179 1600 1206 visae
1623 1183 1697 1213 sunt,

146 1223 216 1250 conf.
237 1224 358 1258 ἔλλειψις.
378 1224 462 1251 schol.
479 1224 506 1250 Z
517 1224 571 1250 261
592 1225 734 1259 μεμακώς,
754 1224 841 1258 ἐνδείᾳ
861 1226 909 1250 τοῦ
927 1226 948 1250 Ξ
966 1224 1093 1258 μεμαώς,
1114 1227 1142 1250 et
1161 1224 1191 1250 in
1210 1224 1291 1251 initio
1311 1223 1439 1251 vocabuli
1458 1223 1510 1250 Ar.
1527 1224 1553 1249 Ξ
1563 1225 1598 1250 25
1618 1223 1698 1260 λάκε]

147 1285 182 1289 --
203 1270 230 1296 οῖ
249 1269 278 1297 δὲ
299 1269 355 1297 ἀντὶ
374 1272 422 1297 τοῦ
442 1270 527 1305 ἔληκε,
548 1269 636 1305 ἐνδείᾳ
655 1271 703 1297 τοῦ
722 1271 743 1297 ἓ.

283 1315 511 1343 ἐνδείκνυσθαι
531 1316 682 1351 declarare,
706 1316 857 1350 ἕνὸειξις;
878 1314 990 1343 verbum
1012 1316 1133 1343 occurrit
1151 1315 1202 1343 Ar.
1216 1315 1310 1343 Γ100
1331 1315 1375 1343 διὰ
1394 1318 1442 1343 τοῦ
1462 1315 1531 1343 ἕνεκ’
1553 1315 1640 1351 ἀρχῆς
1659 1316 1701 1343 ἐν·

145 1361 277 1388 δείκνυται
297 1362 336 1389 ὅτι
355 1363 551 1397 προκατῆρξεν,
573 1365 600 1389 et
620 1361 705 1389 schol.
724 1361 747 1388 Y
760 1362 826 1396 424,
851 1361 935 1389 subst.
955 1362 1111 1397 promiscue
1133 1370 1195 1389 cum
1214 1369 1281 1389 voce
1301 1362 1449 1397 ἐμφάσεως
1469 1361 1553 1389 schol.
1568 1361 1602 1389 H
1612 1363 1660 1389 56.

283 1407 547 1439 ἐνὸιασκευάζειν
571 1408 747 1443 interpolare.
796 1406 849 1434 Ar.
870 1406 899 1433 Γ
914 1408 968 1434 395
994 1407 1033 1434 ὅτι
1057 1407 1090 1434 οὗ
1114 1407 1157 1433 δεῖ
1180 1408 1211 1434 ἐκ
1234 1409 1283 1434 τοῦ
1306 1407 1407 1442 ,θυμὸν
1430 1408 1525 1441 ὄρινεν’
1547 1407 1701 1442 ἑθύμωσεν,

145 1453 212 1479 ἀλλὰ
232 1452 262 1479 τὸ
281 1454 475 1488 παρώρμησεν.
515 1453 663 1488 δεξάμενος
683 1453 714 1480 ὀέ
732 1464 770 1483 τις
789 1453 819 1480 τὸ
839 1453 972 1488 πρότερον
991 1452 1054 1483 τοὺς
1073 1453 1136 1488 ἑξῆς
1155 1453 1364 1485 ἐνὸιασκευάζει,
1385 1452 1432 1480 ubi
1453 1452 1586 1488 suspicari
1606 1452 1703 1480 licebit

144 1507 274 1533 praesens
306 1498 461 1526 inauditum
489 1503 648 1534 corruptum
680 1507 737 1526 esse
766 1507 800 1526 ex
830 1499 934 1526 aoristo
962 1501 1010 1526 aut
1041 1498 1166 1534 perfeeto
1195 1498 1257 1526 coll.
1277 1497 1327 1525 Ar.
1347 1498 1375 1525 Ε
1395 1499 1447 1525 183
1475 1497 1494 1525 Ι
1509 1499 1565 1525 416
1594 1498 1628 1525 Ν
1644 1500 1700 1526 658

148 1543 175 1570 Ω
193 1545 246 1570 130
268 1547 319 1571 eto.
340 1543 412 1571 conf.
433 1544 625 1576 διασκευάζειν.

283 1590 429 1625 ἐνέργεια
450 1589 616 1625 significatio
637 1590 735 1625 activa,
755 1599 815 1625 opp.
835 1590 934 1620 πάθος.
955 1589 1041 1617 schol.
1067 1590 1091 1616 T
1104 1591 1158 1616 398
1179 1590 1211 1616 τὰ
1231 1590 1268 1620 εἷς
1287 1592 1346 1624 ἦ
1365 1590 1423 1617 κατ’
1450 1590 1583 1624 ἐνεργείας
1606 1590 1703 1623 τάσσει,

147 1635 187 1664 ὡς
206 1635 236 1661 τὸ
256 1636 412 1670 σημάντωρ,
433 1636 589 1670 κοσμήτωρ.

284 1681 492 1716 ἐνεργητικόν
511 1682 640 1716 activum,
659 1680 714 1717 Ar.
734 1681 827 1708 Γ306
848 1681 934 1709 schol.
952 1682 978 1708 A
994 1682 1047 1708 113
1068 1680 1155 1715 Γ82,
1180 1681 1352 1716 ἐνεργητικὸν
1371 1680 1437 1708 εἶναι
1456 1679 1506 1708 Ar.
1527 1680 1640 1716 11354‚
1664 1684 1703 1717 τῷ

146 1727 308 1762 ἐνεργητωῷ
328 1727 448 1763 χρῆσθαι
464 1727 516 1754 Ar.
533 1728 553 1754 Δ
568 1728 604 1754 45
626 1727 710 1755 schol.
725 1727 759 1754 N
768 1729 832 1762 288,
855 1730 895 1763 τῷ
913 1727 1059 1763 παθητικῷ
1079 1727 1135 1754 ἀντὶ
1154 1729 1202 1754 τοῦ
1222 1728 1395 1763 ἐνεργητικοῦ
1414 1727 1534 1763 χρῆσθαι
1553 1726 1603 1755 Ar.
1618 1727 1637 1755 I
1648 1729 1702 1755 297

147 1771 244 1799 Κ188
267 1772 298 1798 Π
310 1774 344 1799 81
370 1773 397 1799 Φ
409 1774 473 1807 363,
497 1773 566 1800 κατὰ
585 1773 616 1799 τὸ
636 1773 807 1808 ἐνεργητικόν
827 1769 875 1800 Ar.
889 1772 980 1800 1157.

283 1818 423 1848 ἐνεστώς
445 1827 583 1854 praesens,
607 1818 673 1846 Did.
689 1819 715 1846 A
735 1818 802 1852 120,
825 1817 879 1846 Ar.
899 1818 933 1845 N
946 1816 1041 1852 229⁰)
1065 1817 1150 1845 schol.
1172 1818 1199 1845 Β
1218 1819 1236 1845 8
1261 1818 1294 1853 (Δ
1314 1819 1369 1845 260
1396 1817 1587 1855 delendum‘⁸)
1610 1819 1637 1845 Ξ
1653 1821 1698 1853 37,

147 1862 291 1894 ἐνεστῶτος
314 1863 383 1891 εῖναι
403 1864 488 1892 schol.
506 1864 539 1891 K
554 1866 582 1899 7,
610 1865 724 1895 ἐνεστώς
743 1865 812 1892 ἔστιν
832 1863 917 1892 schol.
939 1864 972 1891 11
985 1866 1051 1898 129,
1076 1864 1214 1899 γίγνεσθαι
1234 1864 1290 1891 ἀπὸ
1309 1865 1463 1892 ἐνεστώτων
1483 1863 1569 1892 schol.
1593 1865 1619 1892 Α
1635 1866 1698 1895 317,

146 1907 229 1934 verbo
254 1918 308 1936 non
333 1910 429 1937 addito
450 1910 535 1937 schol.
553 1911 579 1937 A
593 1912 649 1937 496
669 1910 689 1937 Ι
703 1911 770 1945 193,
794 1910 860 1937 εἶναι
884 1910 927 1938 ἐπὶ
950 1912 998 1937 τοῦ
1022 1911 1166 1939 ἐνεστῶτος
1186 1909 1238 1937 Ar.
1255 1910 1284 1937 Σ
1296 1911 1362 1944 136,
1386 1910 1432 1937 τὸν
1451 1911 1582 1938 ἐνεστῶτα
1602 1911 1702 1946 χρόνον

148 1954 286 1986 σημαίνειν
300 1954 350 1982 Ar.
364 1955 397 1981 Π
408 1957 472 1990 633,
496 1956 526 1982 τὸ
540 1958 588 1982 νῦν
601 1955 664 1986 τοὺς
681 1959 750 1990 τρεῖς
770 1955 850 1989 ὀηλοῖ
867 1956 992 1991 χρόνους,
1012 1956 1143 1982 ἐνεστῶτα
1157 1958 1208 1982 etc.
1228 1955 1313 1982 schol.
1333 1955 1360 1981 Β
1375 1957 1419 1990 12,
1442 1956 1563 1991 χρῆσθαι
1582 1957 1701 1982 ἐνεστῶτι

285 2021 315 2051 ⁴¹)
333 2025 409 2047 totum
426 2023 562 2047 Aristonico
579 2024 649 2047 etiam
666 2024 778 2047 Lehrsius
794 2023 869 2046 Arist.
886 2031 910 2053 p.
925 2024 956 2046 46
972 2031 1036 2053 sequ.
1052 2023 1143 2046 tribuit.

283 2059 312 2087 *ἢ
330 2069 386 2088 ‚non
402 2062 485 2085 dubito
501 2062 576 2087 schol.
591 2062 622 2085 ad
637 2062 663 2085 N
671 2063 717 2085 228
733 2069 762 2085 ex
777 2062 913 2085 Aristonico
930 2062 1061 2084 derivatum
1078 2064 1134 2084 esse*
1151 2061 1319 2084 Friedlaander
1336 2061 1409 2084 Arist.
1426 2070 1448 2091 p.
1465 2063 1487 2086 4.

283 2097 312 2125 ⁴⁸)
328 2098 445 2122 Ludwich
462 2100 497 2123 M.
513 2100 558 2123 Rh.
573 2100 669 2123 XXXII
684 2108 707 2129 p.
726 2101 761 2123 14.

1501 2139 1516 2159 3
