1883 2394
195 84 231 109 22

194 167 322 203 Didymi,
346 170 374 195 et
394 168 520 195 conicere
541 167 607 194 licet
632 167 660 193 Ψ
672 168 739 202 198,
769 166 816 194 ubi
836 166 892 195 duo
913 167 1019 195 scholia
1039 170 1150 194 servata
1171 170 1241 201 sunt,
1261 166 1387 195 breviore
1411 167 1522 202 (ms-³),
1547 167 1623 203 quod
1643 167 1755 195 exhibet

194 214 261 246 ἔξω,
281 213 460 248 integriorem
480 221 563 248 quam
584 213 701 246 maiore,
731 212 805 248 quod
826 211 910 240 habet
928 213 1025 248 χωρίς,
1051 212 1172 240 colorem
1193 211 1306 248 Didymi
1327 212 1444 240 ostendi.
1484 212 1577 241 Ceteri
1599 213 1653 241 loci
1674 213 1708 240 H
1717 215 1754 241 95

196 259 252 286 238
272 257 390 286 K129*
404 258 459 285 445
484 257 511 285 Λ
527 259 579 285 101
601 257 719 285 Ν692*
745 257 857 285 Ξ276*
874 257 949 285 299*
965 258 1041 285 400*
1055 259 1111 285 412
1132 257 1231 285 1125*
1246 257 1321 285 636*
1341 257 1433 286 P139
1450 259 1503 286 173
1525 258 1640 286 2557*
1662 258 1686 286 Τ
1700 259 1754 286 75*

196 307 231 332 90
248 305 322 332 105*
337 304 412 331 333*
437 304 530 332 Y259
548 304 623 331 263*
647 304 673 331 Φ
689 304 762 331 191*
777 305 832 331 530
859 303 950 331 Pin
969 304 1043 331 691*
1065 304 1092 331 Ω
1108 304 1181 331 198*
1196 303 1275 331 565⁸.

332 350 458 381 ἔξωθεν
478 350 657 378 extrinsecus.

334 397 357 422 1.
377 398 460 431 poeta
480 404 678 431 nonnunquam
698 395 839 423 orationes
860 395 1038 431 interrumpit
1057 399 1085 422 et
1104 396 1162 431 ipse
1184 394 1290 430 aliquid
1311 394 1390 422 addit
1409 395 1445 423 ad
1466 404 1522 423 rem
1543 396 1753 424 illustrandam:

195 442 244 470 Ar.
259 441 291 469 K
302 443 356 469 240
377 442 418 472 ὣς
430 441 517 477 ἔφατ’,
538 441 655 468 ἔδδεισεν
675 441 705 468 δὲ
724 440 786 476 περὶ
806 441 903 476 ξανθῷ
923 439 1073 478 Μενελάῳ]
1095 442 1112 477 ἡ
1133 441 1212 476 διπλῆ
1232 441 1271 468 ὅτι
1291 441 1398 472 ἔξωθεν
1413 442 1444 469 ἐκ
1460 445 1508 469 τοῦ
1521 442 1591 469 ἰδίου
1604 443 1755 478 προςώπου

195 489 338 523 ἀναφωνεῖ
362 488 403 518 ὡς
426 487 473 514 καὶ
500 487 530 514 τὸ
558 488 661 522 ,νήπιος
689 487 750 514 οὐδ’
778 487 824 522 ἄρ’
849 487 926 522 ἔμελε
951 487 1041 517 κακὰς
1067 487 1122 515 ὑπὸ
1148 490 1235 523 κῆρας
1259 487 1373 518 ἀλύξαςῆ
1422 487 1470 515 Ar.
1496 488 1529 515 K
1543 489 1598 516 332
1621 493 1700 516 τοῦτο
1725 488 1755 516 δὲ

194 534 301 565 ἔξωθεν
320 534 522 568 ἐπιπεφώνηται
545 533 639 568 ,ὅρκον
659 534 788 568 ἐπίορκον
812 534 937 568 ὤμοσενί,
962 533 1013 568 οὐχ
1038 533 1097 560 οἷον
1120 534 1259 565 ἑκουσίως,
1284 533 1351 560 ἀλλὰ
1371 536 1423 560 etc.
1472 533 1510 561 Et
1534 534 1662 561 similiter
1682 535 1754 561 acci-

193 578 323 615 piendum
344 578 429 606 schol.
452 578 477 605 P
491 579 511 605 4
531 579 560 605 αῖ
578 578 685 609 ἔξωθεν
705 578 831 613 αὐξήσεις
851 586 919 613 quas
939 581 1022 613 poeta
1043 578 1077 605 de
1098 587 1148 606 suo
1169 580 1197 605 in
1218 579 1372 606 orationem
1393 579 1493 606 intulit.

332 626 357 651 2.
381 623 429 651 ubi
450 622 518 659 quid
532 622 696 651 Aristarcho
717 624 808 650 visum
830 627 871 650 est
891 623 1043 651 sententiae
1065 628 1114 651 aut
1134 627 1288 651 structurae
1309 623 1410 658 deesse,
1430 624 1514 660 plena
1533 629 1565 652 ut
1584 624 1641 659 fiat,
1661 628 1753 652 mente

193 660 375 706 supplendum
402 673 455 704 est,
481 669 588 700 ἔξωθεν
610 669 830 704 προςλαμβάνειν
854 669 900 696 δεῖ.
940 668 1205 705 Praepositiones⁶⁹)
1230 669 1397 705 supplendae
1417 669 1546 697 videntur
1566 669 1615 697 Ar.
1633 670 1660 698 Λ
1675 669 1753 698 405*

193 717 232 743 ὅτι
255 716 361 747 ἔξωθεν
385 716 402 750 ἡ
431 716 468 745 εἰς
494 715 626 751 πρόθεσις
652 715 693 750 (in
721 715 831 750 πληθὺν
856 714 1021 750 ταρβήσας),
1048 715 1099 742 Ar.
1119 715 1146 741 Β
1166 716 1221 742 356
1246 715 1369 742 τίσασθαι
1393 715 1419 742 δ’
1452 716 1569 751 Ἑλένης
1592 715 1752 753 δρμήματα]

192 761 299 793 ἔξωθεν
321 761 455 796 πρόθεσιν
477 761 526 795 τὴν
551 761 613 795 περὶ
637 761 680 787 δεῖ
700 761 803 795 λαβεῖν,
829 760 879 788 Ar.
898 760 991 788 Ψ155
1016 760 1123 791 ἔξωθεν
1146 761 1195 795 τὴν
1217 760 1288 795 πρὸς
1311 761 1435 796 ληπτέον,
1466 760 1558 788 6491
1584 762 1691 792 ἔξωθεν
1714 762 1757 789 δεῖ

192 807 284 843 λαβεῖν
307 807 356 843 τὴν
379 806 434 834 ἀπό
454 806 588 842 πρόθεσιν
607 806 648 841 (in
668 806 776 834 νεκύων
802 806 953 842 διεφαίνετο
977 807 1082 842 χῶρος)
1111 805 1311 834 Friedlaender
1330 815 1379 834 cur
1399 815 1453 834 non
1474 807 1617 843 receperit,
1642 816 1753 835 causam

192 862 247 881 non
266 853 412 891 vide02—
432 852 488 881 Ubi
508 852 601 881 forma
617 852 727 880 articuli
743 853 799 880 vim
819 852 904 880 habet
925 852 1105 888 pronominis,
1131 852 1239 884 ἔξωθεν
1258 853 1476 888 προςλαμβάνειν
1496 853 1538 881 δεῖ
1555 854 1585 881 τὸ
1605 852 1753 889 ἄρθρονω)

191 899 240 926 Ar.
257 899 276 926 I
288 901 341 926 133
362 899 396 926 K
407 900 472 926 330.
497 915 532 918 —
554 899 596 925 δεῖ
614 899 720 930 ἔξωθεν
739 899 958 933 προςλαμβάνειν
976 898 1007 925 τὸ
1027 899 1067 928 ὡς
1087 898 1127 933 (in
1147 899 1163 925 ὁ
1184 898 1214 925 δὲ
1235 899 1274 934 φὴ
1295 899 1414 926 κώδειαν
1434 899 1574 935 ἀνασχών)
1595 898 1644 926 Ar.
1660 900 1686 926 Ξ
1697 901 1752 927 500

191 948 220 972 et
232 944 309 971 499‘
329 942 494 979 Roemer‘l)
515 945 555 971 eis
572 944 719 979 adscripsit
732 944 873 979 exemplis,
894 944 942 970 ubi
963 948 991 970 et
1010 944 1099 970 maius
1116 947 1144 970 et
1160 944 1250 970 minus
1271 944 1407 971 scholium
1427 948 1586 980 excerptum
1606 944 1747 979 habemus,

191 991 271 1027 quasi
292 990 318 1017 Ξ
328 990 404 1018 499*
424 993 451 1018 et
467 990 493 1017 Ξ
504 991 559 1017 500
580 999 614 1017 ex
633 998 689 1017 una
709 989 860 1026 eademque
875 989 1028 1017 Aristonici
1049 989 1229 1017 adnotatione
1249 988 1368 1018 fluxerit.
1406 989 1462 1018 Sed
1482 993 1575 1019 nostro
1596 991 1658 1019 loco
1680 990 1750 1018 duae

192 1037 298 1064 fuerint
323 1036 478 1064 Aristonici
502 1036 696 1063 adnotationes
720 1044 830 1063 necesse
855 1039 896 1063 est
920 1035 992 1063 conf.
1017 1044 1039 1062 e.
1060 1044 1085 1070 g.
1109 1035 1160 1062 Ar.
1183 1036 1208 1062 A
1229 1037 1282 1063 137
1308 1039 1336 1063 et
1361 1037 1415 1063 139
1444 1036 1494 1070 al.;
1522 1037 1628 1068 ἔξωθεν
1656 1037 1686 1064 τὸ
1713 1037 1753 1067 ὡς

191 1082 276 1109 etiam
293 1081 378 1109 schol.
392 1081 411 1108 I
421 1083 486 1108 386.
509 1096 545 1100 —
567 1080 618 1108 Ar.
637 1081 663 1107 Ξ
675 1083 709 1107 58
732 1081 771 1107 ὅτι
786 1080 940 1115 Ὁμηρικὸν
955 1081 986 1107 τὸ
1002 1081 1068 1110 ἔθος
1088 1081 1155 1110 ὥςτε
1175 1081 1281 1111 ἔξωθεν
1300 1080 1331 1107 τὸ
1350 1082 1387 1111 τίς
1406 1082 1624 1117 προςλαμβάνειν
1645 1081 1685 1117 (in
1699 1090 1751 1109 sec.

190 1135 310 1163 persona
329 1125 538 1163 potentialis”).
569 1142 601 1146 —-
629 1125 679 1153 Ar.
698 1126 716 1153 I
729 1128 761 1153 77
783 1127 821 1156 τίς
841 1127 875 1153 ἂν
894 1126 958 1154 τάδε
978 1124 1135 1163 γηθήσειεν]
1161 1126 1200 1153 ὅτι
1226 1126 1333 1158 ἔξωθεν
1356 1126 1386 1153 τὸ
1406 1126 1474 1154 ἰδών
1494 1126 1568 1163 quod
1588 1126 1638 1155 Ar.
1652 1127 1686 1154 N
1696 1128 1752 1155 344

191 1172 318 1200 additum
339 1181 397 1199 esse
418 1176 542 1206 notatur,
567 1172 600 1199 K
612 1174 646 1198 13
671 1172 815 1206 θαύμαζεν
837 1172 912 1206 πυρὰ
936 1172 1023 1198 πολλὰ
1044 1187 1079 1191 —
1100 1172 1193 1198 αὐλῶν
1213 1173 1350 1207 συρίγγων
1369 1172 1393 1199 τ’
1415 1173 1515 1207 ἐνοπὴν
1535 1173 1642 1207 ὅμαδόν
1661 1173 1684 1199 τ’
1706 1173 1752 1199 ἀν-

190 1216 329 1255 θρώπων]
350 1233 388 1238 -
408 1218 451 1245 δεῖ
468 1217 498 1245 δὲ
517 1217 564 1245 καὶ
582 1217 613 1245 τὸ
630 1217 743 1245 ἀκούων
755 1217 976 1253 προςυπακούειν
991 1217 1098 1249 ἔξωθεν
1110 1216 1311 1245 Friedlaender
1324 1216 1485 1246 Aristonico
1502 1227 1557 1246 non
1572 1218 1751 1253 continuavit,

190 1264 310 1293 fortasse
334 1264 410 1301 quod
434 1264 511 1293 locus
535 1264 633 1292 similis
657 1273 712 1292 non
736 1265 832 1292 exstat.
857 1279 894 1285 —-
918 1263 984 1292 εἶναι
1008 1263 1225 1300 intellegendum
1254 1272 1312 1292 esse
1336 1264 1443 1296 ἔξωθεν
1466 1264 1555 1293 voluit
1579 1264 1631 1293 Ar.
1653 1263 1678 1293 Θ
1694 1265 1749 1292 307

190 1310 295 1344 Ρ178,
321 1310 398 1337 Ω45
423 1310 490 1337 οῧδέ
513 1311 540 1337 οἱ
567 1309 665 1346 αἰδώς]
697 1309 811 1345 quidam
839 1319 948 1337 versum
976 1311 1090 1345 γίγνεται
1113 1314 1167 1337 etc.
1198 1319 1232 1337 ex
1260 1310 1387 1338 Hesiodo
1415 1314 1554 1346 sumptum
1584 1310 1751 1338 adiecerant.

190 1355 284 1391 Atque
309 1359 341 1382 ut
360 1355 413 1383 hoc
433 1354 610 1382 Aristonicus
630 1355 757 1387 adnotat,
783 1356 824 1382 ita
844 1356 928 1382 etiam
950 1354 1121 1382 censebimus
1141 1356 1200 1382 eius
1221 1363 1280 1382 esse
1301 1355 1514 1391 explicationem
1535 1355 1578 1382 δεῖ
1595 1355 1625 1383 δὲ
1645 1356 1751 1387 ἔξωθεν

190 1406 415 1437 προςυπακοῦσαι
434 1401 465 1429 τὸ
485 1402 545 1434 ἐστί,
566 1401 600 1428 ἵν’
620 1400 646 1437 ᾖ,
667 1401 732 1428 οὐδέ
746 1402 773 1428 οῖ
786 1401 871 1431 αἰδώς
887 1402 947 1434 ἐστι,
967 1400 1042 1436 quod
1055 1400 1256 1429 Friedlaender
1271 1405 1428 1437 propterea,
1447 1402 1553 1437 opinor,
1569 1411 1624 1430 non
1638 1402 1751 1438 recepit,

191 1446 266 1482 quod
285 1446 369 1474 verba
388 1447 509 1474 hominis
530 1446 699 1482 amplificata
720 1446 847 1473 videntur
866 1446 901 1473 ab
922 1447 1019 1480 altero,
1043 1447 1091 1481 qui
1112 1450 1140 1473 et
1160 1447 1272 1482 exponit
1291 1446 1365 1482 apud
1379 1446 1536 1474 Hesiodum
1556 1447 1629 1474 hunc
1643 1456 1752 1474 versum

191 1496 265 1520 recte
286 1501 315 1520 se
335 1492 436 1520 habere
454 1495 482 1520 et
495 1491 574 1520 addit
593 1492 640 1519 καὶ
658 1493 765 1528 πλήρης
785 1492 800 1520 ὁ
820 1492 908 1527 λόγος.
930 1508 965 1512 -
986 1491 1037 1520 Ar.
1055 1492 1087 1519 11
1099 1493 1154 1520 559
1175 1493 1202 1520 εἴ
1217 1502 1264 1528 μιν
1283 1492 1481 1528 ἀεικισσαίμεθ’
1502 1491 1552 1530 —]
1574 1491 1591 1528 ἦ
1612 1492 1692 1528 διπλῆ
1712 1493 1751 1520 ὅτι

190 1539 298 1570 ἔξωθεν
316 1539 574 1574 προςυπακουστέον
593 1539 623 1566 τὸ
644 1539 737 1568 καλῶς
757 1540 791 1565 ἂν
811 1540 875 1574 ἔχοι.
910 1538 962 1566 Ar.
980 1538 1014 1566 K
1024 1540 1079 1565 372
1100 1539 1226 1566 nonnulli
1247 1542 1278 1565 ut
1298 1539 1404 1573 ζήτημα
1424 1538 1557 1573 facerent,
1582 1539 1752 1574 scripserunt

189 1584 237 1611 καὶ
260 1584 343 1620 βάλεν
367 1584 428 1611 οὐδ’
453 1584 624 1620 ἀφάμαρτεν,
649 1584 723 1611 ἑκὼν
746 1584 773 1611 δ’
800 1585 938 1620 ἡμάρτανε
961 1584 1066 1620 φωτός,
1092 1584 1138 1611 καὶ
1164 1584 1274 1611 λύουσιν
1297 1584 1404 1616 ἔξωθεν
1426 1584 1624 1620 προςλαβόντες
1647 1584 1694 1611 τὸν
1717 1584 1751 1610 ἄν

190 1630 351 1665 σύνδεσμον.
372 1645 408 1650 —-
429 1629 473 1657 Ex
492 1629 531 1658 eis
547 1639 618 1665 quae
635 1629 801 1657 antecedunt
815 1629 998 1666 supplendum
1019 1633 1061 1658 est
1079 1629 1130 1657 Ar.
1144 1630 1178 1657 N
1187 1630 1242 1657 327
1263 1631 1402 1665 ὀρέξομεν,
1423 1631 1456 1665 ἠέ
1474 1640 1513 1660 τις
1532 1628 1610 1666 ἡμῖν]
1632 1630 1649 1665 ἦ
1670 1629 1751 1665 διπλῆ

189 1676 229 1704 ὅτι
249 1676 357 1708 ἔξωθεν
377 1679 581 1703 συνυπακοῦσαι
601 1676 643 1703 δεῖ
660 1676 753 1711 ὀρέξει.

327 1722 460 1757 ἐπάγειν
473 1720 584 1757 addere,
608 1721 671 1750 Por.
685 1721 712 1749 B
724 1723 790 1757 485,
808 1721 894 1749 schol.
913 1722 938 1749 A
955 1724 968 1749 l
985 1720 1023 1758 (p.
1040 1723 1067 1757 4,
1082 1723 1098 1749 2
1113 1725 1141 1750 et
1154 1721 1184 1758 3)
1200 1723 1255 1750 528
1275 1721 1302 1749 Β
1314 1722 1371 1749 455
1391 1721 1418 1749 Λ
1433 1721 1507 1749 540*
1529 1721 1555 1747 Ξ
1567 1721 1621 1749 128
1641 1720 1670 1748 Σ
1681 1721 1745 1756 271,

188 1769 220 1797 τὰ
240 1769 398 1805 ἐπαγόμενα
413 1781 449 1792 =
463 1768 496 1795 τὰ
515 1768 579 1804 ἑξῆς
598 1767 685 1796 schol.
702 1768 731 1795 Σ
741 1770 806 1803 490,
830 1768 862 1796 τὰ
882 1768 1038 1804 ἐπανόμενα
1058 1769 1139 1796 δυϊκά
1159 1768 1210 1796 Ar.
1232 1768 1258 1797 Θ
1273 1771 1334 1796 185.
1374 1766 1525 1796 Formulae
1549 1768 1687 1803 προτάξας
1706 1768 1749 1796 vel

189 1816 245 1843 tale
265 1815 332 1851 quid
353 1830 389 1834 —
410 1815 514 1849 ἐπάγει,
542 1814 723 1847 οιιτ.ἑιτάγειν
741 1814 791 1840 τινί
813 1814 905 1841 locum
929 1817 1024 1841 tenent
1047 1813 1095 1841 ubi
1119 1814 1271 1841 difficultas
1296 1814 1448 1848 syntactica
1472 1813 1515 1839 vel
1540 1813 1750 1848 incongruentia

189 1861 389 1896 qualiscunque
409 1859 567 1887 adnotatur.
607 1860 658 1886 Ar.
678 1858 711 1886 H
723 1860 776 1885 133
798 1859 841 1885 ἐπ’
862 1859 1006 1894 ὠκυμόρῳ
1026 1859 1165 1886 κελάδοντι
1186 1874 1221 1877 -
1239 1858 1382 1893 Ἰαρδάνου
1402 1858 1474 1893 ἀμφὶ
1492 1857 1608 1895 ῥέεθρα]
1630 1859 1647 1894 ἡ
1668 1859 1748 1894 διπλῆ

326 1935 356 1965 ⁶⁶)
373 1936 435 1960 conf.
452 1935 541 1959 Friedl.
557 1934 631 1959 Arist.
648 1943 671 1964 p.
689 1935 718 1957 25
734 1941 798 1963 sequ.

326 1974 356 2005 ⁸⁰)
374 1974 436 2000 conf.
453 1973 542 1998 Friedl.
558 1973 631 1998 Arist.
648 1981 672 2003 p.
689 1974 726 1997 30.

327 2012 357 2042 ⁸¹)
372 2012 533 2042 Sinus-quur.
549 2012 591 2035 der
606 2012 628 2037 k.
644 2011 664 2034 b.
682 2010 758 2034 Akad.
774 2010 797 2033 d.
817 2010 953 2033 Wioemoch.
971 2010 996 2033 11
1012 2018 1035 2040 p.
1053 2012 1105 2034 288.

326 2050 355 2079 θ’)
373 2050 435 2075 conf.
451 2050 539 2074 Friedl.
557 2049 632 2073 Arist.
648 2057 672 2079 p.
689 2051 711 2072 7.
