1883 2394
630 553 837 606 Indicis
874 553 1234 617 grammatici

331 654 390 698 ad
422 655 596 699 scholia
625 655 804 699 Veneta
833 655 876 698 A
906 655 1114 710 exceptis
1145 655 1257 699 locis
1288 654 1538 698 Herodiani

801 744 995 788 specimen
1017 744 1068 780 Π,

291 830 433 872 Alterum
446 844 499 872 hoc
512 844 613 871 indicis
633 845 771 879 specimen
791 844 889 872 eadem
908 853 964 880 qua
982 846 1058 880 prius
1077 846 1185 872 ratione
1205 846 1362 873 institutum
1375 849 1417 873 est
1431 846 1589 881 eisdemque
1609 846 1708 873 nititur

156 889 295 917 subsidiis.
336 889 385 917 Ad
403 898 475 925 quae
496 889 604 917 accedit
623 890 749 925 inprimis
769 890 817 925 qui
836 893 899 926 post
917 890 1039 926 priorem
1058 890 1366 918 commentatiunculam
1386 891 1476 919 editus
1495 894 1538 919 est
1550 890 1707 918 Ludwichii

156 935 227 964 liber
258 936 384 972 egregius
416 936 463 971 qui
496 934 657 964 inscribitur
683 934 844 964 Aristar-che
873 934 1053 964 Homem'mhe
1083 934 1239 964 thkritt'k
1270 936 1342 964 nach
1368 935 1421 965 den
1448 936 1635 973 Fraqmenten
1662 934 1709 963 des

156 981 298 1017 Didymus
317 982 342 1009 Ι.
365 981 426 1009 'reil
445 981 562 1017 Leipzig
582 983 665 1017 1884,
694 981 734 1009 11.
755 981 817 1009 Teii
836 981 953 1018 Leipzig
973 983 1055 1011 1885.
1093 981 1221 1018 Namque
1243 982 1298 1010 hoc
1317 983 1347 1010 in
1366 982 1438 1011 libro
1458 992 1522 1011 cum
1540 983 1644 1011 multae
1664 991 1708 1009 res

157 1027 191 1054 de
212 1026 311 1062 quibus
330 1028 384 1054 viri
404 1027 479 1054 docti
498 1036 585 1062 usque
606 1027 641 1054 md
661 1027 732 1055 illud
750 1031 858 1063 tempus
881 1027 1057 1055 vehementer
1076 1027 1518 1063 dissentiebant,·accuratissime
1538 1027 1708 1056 diiudicatae

156 1076 227 1107 sunt,
251 1076 310 1100 tum
323 1071 439 1108 Didymi
458 1072 620 1107 fragmenta,
644 1072 673 1100 id
693 1072 768 1108 quod
787 1073 907 1100 maxime
926 1072 1143 1108 desiderabatur,
1168 1073 1378 1109 diligentissime
1392 1074 1511 1101 collecta
1523 1077 1596 1101 sunt.
1629 1072 1708 1109 Quae

155 1122 299 1153 praeterea
318 1117 355 1145 ad
374 1117 451 1145 locos
471 1118 648 1154 explicandos
668 1118 730 1145 usui
749 1118 861 1145 fuerunt
880 1127 930 1146 suo
949 1119 1011 1146 loco
1031 1127 1248 1146 commemorare
1268 1118 1374 1147 licebit.

292 1164 348 1191 ἐᾶν
367 1164 469 1198 sinere,
497 1162 549 1190 Ar.
571 1163 606 1190 H
616 1165 632 1190 9
653 1163 693 1190 ὅτι
712 1163 869 1198 Ζηνόόατος
891 1164 921 1191 ἐν
942 1164 993 1198 μὲν
1012 1165 1051 1198 τῷ
1070 1164 1215 1198 καταλόγῳ
1234 1165 1382 1199 πεποίηκεν
1401 1165 1440 1197 ,οἴ
1453 1175 1481 1191 τε
1500 1164 1709 1199 πολυστάφυλον

150 1209 270 1244 Ἄσκρην
293 1209 375 1244 ἔχον,
399 1209 499 1236 ἐνθάόε
522 1208 552 1236 ὀὲ
576 1209 648 1235 εἴασε
670 1208 719 1244 τὴν
736 1208 843 1244 Ἄρνην.
882 1208 988 1237 Similis
1007 1208 1146 1236 Zenodoti
1170 1209 1357 1237 inconstantia
1375 1213 1488 1237 notatur
1507 1208 1605 1237 eodem
1624 1208 1708 1237 verbo

155 1253 207 1281 Ar.
233 1253 259 1281 Θ
279 1256 334 1282 128
362 1255 401 1281 ὅτι
427 1254 583 1289 Ζηνόδοτος
610 1254 710 1281 made
740 1254 791 1289 μὲν
819 1255 917 1290 γράφει
940 1253 1185 1290 Ἐρασιπτόλεμον,
1217 1256 1246 1282 ἕν
1277 1255 1307 1283 ὑὲ
1333 1258 1389 1285 τοῖς
1417 1255 1484 1290 μετὰ
1512 1257 1594 1282 ταῦτα
1621 1255 1710 1282 εἴασεν

152 1300 371 1336 Ἀρχεπτόλεμον.

292 1345 496 1381 ἐγγράφεινῑ)
514 1347 634 1374 inserere
652 1345 687 1373 de
703 1354 784 1373 versu
801 1346 976 1382 interpolato,
1000 1345 1053 1374 Ax.
1069 1346 1098 1373 Ε
1110 1348 1164 1374 183
1185 1347 1316 1374 donatae
1335 1347 1375 1374 ὅτι
1393 1357 1431 1377 τις
1450 1347 1600 1381 ἐνέγραψεν
1619 1346 1708 1379 αὐτόν,

156 1391 227 1420 conf.
252 1392 443 1423 διασκευάζειν.

291 1438 533 1472 ἐγκατάσκευος
552 1438 710 1472 concinnus,
734 1437 796 1465 Nic.
810 1438 837 1464 A
850 1439 908 1465 484
927 1438 944 1465 ὅ
963 1438 985 1473 γ’
1006 1439 1083 1473 ἥρως
1103 1439 1206 1465 ἀίσσων
1224 1437 1249 1473 ᾦ
1273 1439 1344 1473 ἔγχει
1367 1438 1483 1473 ἀμύνετο
1506 1438 1598 1473 νηλεὲς
1621 1436 1709 1474 ἦμαρ]

156 1485 173 1518 ἢ
197 1483 240 1510 ἐπὶ
258 1482 289 1510 τὸ
313 1483 416 1510 ἀΐσσων
438 1482 528 1518 βραχὺ
552 1483 732 1515 ὀιαοταλτέον,
756 1484 773 1518 ἢ
797 1483 841 1510 ἐπὶ
862 1483 893 1510 τὸ
913 1484 995 1518 ἔγχει,
1021 1484 1067 1510 καὶ
1091 1484 1233 1518 ἀμφότερα
1257 1484 1453 1518 ἐγκατάσκευα,
1477 1488 1623 1518 utrumque
1647 1492 1709 1510 ora-

156 1529 226 1556 tioni
247 1529 419 1556 concinnum.

293 1575 462 1609 ἐγκεῖσθαι
475 1575 572 1608 inesse,
587 1583 612 1601 e.
627 1583 654 1609 g.
668 1574 753 1602 schol.
766 1574 796 1601 Σ
806 1575 861 1601 251
875 1575 991 1609 ἔγκειταί
1001 1585 1024 1601 τι
1037 1575 1198 1609 θαυμαστὸν
1210 1577 1249 1609 τῷ
1261 1575 1344 1610 λόγῳ.
1368 1574 1534 1610 Saepissime
1548 1578 1591 1602 est
1602 1578 1711 1610 partem

158 1629 216 1647 esse
230 1619 357 1647 vocabuli
378 1620 495 1647 alicuius
515 1620 556 1647 ita
574 1623 605 1647 ut
624 1619 788 1655 significatio
808 1628 863 1647 non
883 1620 970 1647 lateat
988 1620 1041 1647 Ar.
1057 1619 1092 1646 H
1102 1621 1157 1647 238
1176 1620 1207 1647 τὸ
1226 1620 1387 1655 ταλαύρινον
1405 1623 1547 1655 παρῆκται,
1567 1620 1710 1654 εὔτολμον·

157 1666 191 1693 οὐ
215 1665 268 1701 γὰρ
288 1667 305 1702 ἡ
329 1666 404 1702 ῥινός
423 1666 543 1701 ἔγκειται.
582 1665 676 1694 Ceteri
696 1666 750 1693 loci
770 1668 834 1693 sunt
852 1666 1037 1693 recentiorum
1056 1665 1083 1692 B
1100 1666 1154 1693 311
1176 1664 1335 1703 στρουθοῖο]
1356 1666 1410 1702 ἔχει
1430 1667 1446 1701 ἡ
1466 1666 1623 1701 τετριμμένη
1646 1665 1711 1692 ἀνά-

158 1722 257 1747 γνωσις
277 1712 408 1747 ἀφορμὴν
427 1712 457 1739 τὸ
477 1712 614 1747 ἐγκεῖσθαι
633 1712 663 1739 τὸ
679 1712 758 1739 θέειν.
791 1712 812 1739 Δ
828 1713 883 1739 383
903 1712 928 1739 εἰ
944 1711 995 1747 μὲν
1013 1711 1044 1739 τὸ
1057 1712 1136 1747 λέχος
1148 1712 1269 1747 ἔγκειται,
1288 1715 1377 1748 τροπῇ
1395 1712 1540 1748 λεχοποίην
1558 1711 1711 1747 λεχεποίην·

158 1759 183 1785 εἰ
203 1758 242 1794 μὴ
266 1758 297 1785 τὸ
320 1758 399 1794 λέχος
422 1759 535 1793 ἔγκειται
555 1762 605 1785 etc.
644 1757 678 1785 K
688 1759 742 1785 375
762 1756 937 1794 βαμβαίνων]
956 1758 1009 1784 ἔστι
1031 1760 1087 1784 τῶν
1106 1758 1175 1784 κατὰ
1194 1759 1308 1793 μίμησιν
1327 1759 1344 1794 ἡ
1365 1758 1449 1789 λέξις··
1471 1758 1505 1784 οὗ
1525 1758 1578 1792 γὰρ
1598 1758 1711 1792 ἔγκειται

158 1804 189 1832 τὸ
208 1805 315 1840 βαίνειν.
355 1804 428 1832 conf.
451 1803 538 1832 schol.
561 1804 588 1831 P
602 1805 655 1831 143
677 1804 705 1831 Σ
717 1805 770 1831 281
795 1804 821 1831 Φ
835 1805 889 1831 397
909 1803 942 1831 Χ
952 1803 1008 1831 27*
1028 1803 1065 1839 (Ξ
1077 1805 1130 1831 155
1152 1813 1206 1831 non
1228 1808 1269 1832 est
1292 1805 1321 1832 in
1346 1803 1405 1832 cod.
1430 1803 1499 1840 A’).
1545 1803 1589 1831 De
1614 1803 1711 1831 eadem

160 1859 190 1877 re
210 1850 312 1885 legitur
331 1851 416 1878 etiam
434 1851 574 1877 ἕντάσοειν.

297 1896 456 1931 ἐγκλίνειν
483 1896 629 1931 inclinare,
665 1895 905 1930 ἐγκεκλιμένως
934 1897 959 1922 1.
990 1895 1071 1922 Haec
1098 1895 1183 1922 verba
1209 1899 1315 1922 veteres
1343 1896 1527 1931 grammatici,
1561 1895 1633 1922 sicut
1662 1904 1711 1921 nos

160 1951 279 1978 semper,
307 1945 440 1978 usurpant
465 1941 499 1969 de
527 1942 566 1969 eis
589 1941 707 1977 voculis,
736 1950 806 1977 quae
830 1942 858 1969 in
882 1945 977 1969 tenore
1001 1942 1134 1969 orationis
1158 1950 1207 1969 suo
1232 1945 1348 1969 accentu
1371 1942 1472 1969 amisso
1492 1941 1529 1969 ad
1548 1940 1712 1969 vocabulum

298 2040 316 2069 ¹)
333 2041 407 2063 Lehrs
423 2040 509 2063 Arist!
525 2048 547 2069 p.
564 2041 609 2063 330

299 2079 317 2108 ²)
333 2079 417 2102 Ludw.
433 2079 469 2102 M.
486 2078 531 2102 Bk.
547 2078 643 2101 XXXII
658 2087 680 2108 p.
699 2080 734 2101 14.
