1883 2394
181 102 197 127 6

317 185 458 215 εἰκάζειν
479 185 597 212 similem
615 184 717 219 facere,
736 184 799 212 Nic.
819 185 912 212 Γ423
925 185 1071 221 Ἀφροδίτη
1092 186 1158 221 γραῒ
1175 188 1300 220 εἴκασται,
1321 196 1481 224 comparare
1494 187 1558 215 Nic.
1578 186 1604 214 Θ
1617 188 1672 214 213
1693 198 1734 214 το-

179 231 278 256 σοῦτον
297 230 395 261 εἰκάζει
414 229 444 256 τὸ
464 230 599 265 διάστημα
619 230 706 257 ἐκεῖνο
726 230 767 260 ὡς
786 230 861 260 ἐντὸς
879 230 977 265 βέλους
997 230 1063 258 εἶναι
1078 231 1127 266 τὴν
1139 232 1252 266 τάφρον.
1285 232 1372 260 schol.
1392 233 1419 260 A
1433 233 1487 260 383
1507 232 1538 260 τὸ
1557 232 1625 259 ἴδιον
1644 233 1736 262 πάθος

179 275 223 302 ἐπὶ
245 276 349 306 πάντας
374 276 479 307 εἰκάζει.
523 275 672 311 Proprium
698 274 812 303 verbum
840 276 966 311 inprimis
989 276 1174 304 recentiorum
1199 280 1241 304 est
1268 277 1302 305 de
1329 277 1553 306 similitudinibus
1577 277 1735 306 Homericis

179 321 265 349 schol.
282 321 308 348 A
326 323 380 349 596
401 321 487 356 δέμας
505 320 605 358 πυρὸς]
625 322 674 357 τὴν
694 321 866 357 σφοδρότητα
885 325 933 357 τῆς
951 322 1043 357 μάχης
1062 323 1211 358 παρίστησι,
1230 324 1296 358 πυρὶ
1316 323 1362 360 (ex
1375 324 1436 352 cod.
1452 323 1549 359 Towl„
1563 323 1648 352 Dind.
1664 323 1736 359 περὶ)

178 367 227 401 τὴν
251 368 398 401 γενομένην
421 367 451 394 ἐν
474 367 543 402 αὐτῇ
566 367 680 402 φθορὰν
703 368 820 397 εἰκάσας.
861 366 943 394 Conf.
967 367 1029 395 Nic.
1050 368 1086 394 M
1095 369 1132 395 49
1153 368 1218 396 Por.
1240 368 1334 397 6338
1354 370 1441 398 schol.
1461 370 1489 397 B
1501 372 1537 397 87
1561 370 1591 397 Γ
1605 371 1658 397 151
1681 371 1734 397 197

179 412 200 438 Δ
216 413 271 439 274
291 411 388 439 Κ437
409 412 435 439 A
449 413 504 439 475
527 412 560 439 N
573 413 627 439 137
648 412 739 439 Ρ657
760 412 789 439 Σ
802 413 856 439 110
879 413 978 440 Τ350.
1014 412 1112 440 eodem
1131 422 1213 441 sensu
1232 416 1412 449 παρεικάζειν,
1432 415 1621 450 παραβάλλειν.

316 458 413 484 εἰκών
436 457 603 492 similitudo,
628 466 683 485 non
707 457 828 485 occurrit
851 458 905 485 nisi
929 458 1003 493 apud
1023 459 1191 486 recentiores
1215 459 1301 487 schol.
1325 460 1355 487 Γ
1368 462 1403 487 33
1428 461 1449 487 Δ
1469 462 1525 487 274
1544 460 1578 488 Κ
1592 462 1608 488 5
1633 461 1670 487 M
1681 462 1736 488 278

180 503 280 530 Π352
300 503 400 537 Ρ133,
419 505 482 531 657.
502 506 626 531 veterum
647 506 688 530 est
707 504 861 539 παραβολή,
882 503 931 530 ubi
950 512 976 530 v.

314 548 396 575 εἶναι
417 557 487 582 esse,
512 548 676 584 significare.
721 548 771 575 Ar.
793 549 819 575 A
840 551 893 575 106
918 549 958 576 ὅτι
978 550 1052 580 ἅπαξ
1071 551 1172 585 εἴρηται
1191 550 1222 577 τὸ
1242 552 1375 586 κρήγυον,
1402 551 1448 578 καὶ
1467 551 1518 578 οὐκ
1538 551 1608 578 ἔστιν
1627 551 1736 586 ἀληθές,

180 594 237 620 ἀλλ’
253 593 366 628 ἀγαθόν,
386 593 438 621 Ar.
456 595 482 621 A
499 596 551 621 159
569 609 605 613 ——
619 594 650 620 τὸ
664 594 816 629 ἀρνύμενος
836 594 888 621 οὐκ
905 595 957 621 ἔστι
977 595 1134 629 λαμβάνων,
1155 594 1206 622 Ar.
1228 595 1253 623 Θ
1267 597 1303 623 28
1318 596 1385 624 Zeu.
1402 597 1513 629 erravit,
1529 596 1604 631 quod
1616 595 1736 623 formam

177 642 247 666 τεοῖο
261 639 288 666 in
302 642 406 666 textum
420 640 534 675 recepit,
558 642 636 666 τοῦτο
650 640 703 674 γάρ
717 640 770 667 ἐστι
789 642 837 666 τοῦ
858 642 915 672 σοῦ,
936 639 988 667 Ar.
1009 639 1035 667 Θ
1052 642 1106 667 209
1127 641 1259 671 ἁπτοεπές
1272 641 1388 669 fortasse
1402 640 1581 669 derivandum
1595 640 1630 668 ab
1644 641 1735 673 ἁπτόν,

177 685 207 712 τὸ
230 685 352 720 ἰσχυρόν,
376 685 446 712 ὥστε
466 685 532 712 εἶναι
552 686 698 719 δεινοεπές,
719 685 793 713 conf.
814 686 898 713 etiem
918 686 1004 714 schol.
1029 687 1054 713 A
1071 688 1124 714 120
1144 689 1198 714 232
1219 687 1246 714 Β
1264 688 1317 714 543
1342 688 1363 714 Δ
1381 689 1435 714 449
1457 690 1508 714 etc.
1537 686 1736 721 significantius

178 730 279 758 dicitur
292 730 357 758 εῖναι
373 730 471 758 ταύτόν
491 731 528 759 cf.
546 731 562 758 ὁ
582 731 670 762 αὐτός.
703 731 876 759 Adverbium
892 732 1001 759 accedit
1014 733 1124 768 κυρίως,
1144 734 1256 769 proprie
1269 732 1433 768 significare,
1453 731 1539 760 schol.
1557 732 1576 759 I
1587 733 1622 759 63
1643 732 1735 759 Ρ228

179 777 206 804 Ω
222 779 285 804 319.
329 776 384 804 Ubi
410 781 642 805 commemoratur
666 787 700 805 ex
724 778 836 805 notione
857 778 1062 814 quodammodo
1083 779 1255 813 generaliore
1276 779 1391 806 alteram
1412 787 1470 805 esse
1492 777 1680 813 derivandam,
1704 778 1736 805 ἐκ

177 826 337 859 usurpatur:
363 822 414 850 Ar.
432 823 453 850 Δ
469 825 524 850 307
542 824 559 859 ἡ
576 824 656 859 διπλῆ
676 824 747 859 πρὸς
765 824 796 850 τὸ
816 824 1018 859 σημαινόμενον
1038 825 1077 851 ὅτι
1097 825 1129 851 ἐκ
1148 827 1196 852 τοῦ
1216 826 1287 860 ἔγχει
1306 824 1452 859 ὀρεξάσθω
1473 824 1542 851 ἐστὶν
1561 824 1632 859 ἔγχει
1652 834 1736 850 πατα-

178 870 250 901 ξάτω
270 880 307 900 τις
327 869 416 897 αὐτόν.

314 915 567 950 Frequentissimae
592 919 656 942 sunt
680 916 819 943 formulae
843 915 910 943 hae:
940 917 957 942 ὅ
980 917 1046 943 ἐστι
1066 916 1117 943 Ar.
1135 916 1164 943 Γ
1175 918 1228 943 103
1249 918 1332 943 οἴσετε
1352 916 1426 944 idem
1446 916 1520 943 valet
1539 915 1614 951 quod
1634 917 1735 951 φέρετε,

178 960 233 987 ἀπὸ
252 963 300 987 τοῦ
320 960 386 993 οἶσε,
411 961 428 987 ὅ
447 961 500 988 ἐστι
520 961 598 995 φέρε,
622 960 672 987 Ar.
686 960 720 987 H
730 962 784 987 305
806 962 908 995 φοίνικι
928 960 1052 997 φαεινόν]
1077 962 1116 988 ὅτι
1140 962 1196 988 ἀντὶ
1219 964 1266 988 τοῦ
1287 964 1404 996 φοινικῷ
1424 962 1502 988 ἄνθει
1521 962 1735 996 πεφωτισμένον,

178 1007 194 1033 ὅ
214 1007 267 1033 ἐστι
286 1007 513 1042 κεχρωτισμὲνον,
542 1006 593 1034 Ar.
619 1006 645 1034 Θ
663 1008 715 1033 139
736 1006 803 1033 Zen.
824 1006 920 1033 scribit
940 1007 989 1041 ἄγε
1008 1009 1062 1034 νῶϊ
1079 1007 1208 1042 φόβονδε,
1229 1007 1246 1034 ὅ
1264 1008 1333 1034 ἐστιν
1353 1008 1430 1042 ἡμεῖς
1449 1008 1466 1042 ἢ
1488 1008 1567 1042 ἡμᾶς,
1588 1006 1663 1035 conf.
1685 1005 1735 1033 Ar.

182 1051 207 1078 Θ
221 1053 274 1078 377
296 1052 322 1078 A
337 1053 372 1078 62
388 1053 443 1078 244
467 1051 534 1078 Did.
553 1053 579 1079 A
593 1053 649 1078 423
670 1052 755 1078 Ι602
776 1053 860 1079 schol.
876 1052 901 1078 A
920 1052 975 1078 65*
998 1053 1052 1079 195
1067 1054 1122 1079 250
1136 1054 1192 1080 498
1208 1054 1262 1079 517
1283 1056 1311 1080 et
1330 1061 1471 1088 persaepe.
1513 1052 1660 1080 Notabiles
1680 1052 1735 1079 duo

177 1096 233 1125 loci
253 1096 339 1124 schol.
357 1097 383 1124 B
397 1098 453 1124 574
472 1097 610 1133 πολίχνιον
627 1100 674 1132 τῆς
683 1097 799 1133 Ἀχαΐας,
820 1098 838 1132 ἤ
854 1098 907 1124 ἐστι
920 1096 1133 1133 Πελοπόννησος
1153 1101 1181 1124 et
1201 1098 1228 1124 Z
1241 1099 1293 1124 134
1315 1098 1333 1124 ἅ
1352 1098 1405 1124 ἔστι
1418 1097 1582 1125 Διονυσιακὰ
1595 1098 1736 1132 μυστήρια.

315 1144 457 1170 τουτέστι
476 1142 528 1170 Ar.
549 1143 575 1170 Z
589 1145 644 1170 459
673 1159 708 1162 —
729 1146 815 1179 φρῖκα
835 1144 950 1170 τουτέστι
970 1143 1000 1170 τὸ
1024 1146 1072 1170 τοῦ
1094 1143 1193 1174 ὕδατος
1212 1144 1399 1179 ἐπανάστημα,
1423 1143 1486 1171 Nic.
1504 1143 1525 1170 A
1542 1144 1597 1170 214
1620 1143 1657 1173 εἰς
1675 1142 1736 1170 τοῦ-

176 1190 248 1216 πίσω
268 1190 403 1224 ἤχθησαν,
423 1190 555 1216 τουτέστιν
575 1189 753 1224 ὑπέστρεψαν,
775 1189 847 1216 conf.
864 1188 914 1216 Ar.
932 1189 961 1215 Γ
971 1190 1007 1216 36
1029 1189 1114 1217 schol.
1133 1190 1159 1216 A
1173 1191 1192 1216 4
1212 1191 1268 1217 250
1290 1190 1317 1217 Β
1332 1191 1367 1217 13
1388 1191 1443 1217 219
1458 1193 1510 1217 etc.

314 1234 353 1261 ἵν’
379 1233 397 1269 ᾗ
421 1234 542 1261 formula
567 1233 737 1267 significatur
756 1238 905 1270 praecepto
930 1235 1024 1270 aliquo
1045 1234 1124 1268 dato,
1149 1234 1216 1270 quid
1238 1235 1302 1262 inde
1322 1234 1469 1262 efficiatur.
1513 1234 1547 1261 In
1569 1235 1631 1261 aliis
1650 1235 1736 1269 igitur

177 1279 289 1308 scholiis
313 1288 363 1316 pro
387 1280 468 1308 varia
492 1288 587 1308 eorum
614 1279 776 1307 condicione
800 1280 863 1307 aliis
886 1279 968 1308 rebus
993 1279 1164 1315 explicandis
1184 1280 1306 1307 inservit.
1350 1279 1486 1315 Didymus
1507 1279 1625 1307 lectione
1650 1279 1736 1307 allata

177 1326 266 1361 qualis
287 1326 386 1353 evadat
406 1335 513 1361 sensus,
538 1330 658 1353 enarrat.
702 1327 727 1353 A
743 1328 797 1353 519
814 1326 990 1362 Ἀρίσταρχος
1009 1326 1039 1353 τὸ
1053 1326 1126 1361 Ἥρη
1147 1326 1207 1353 κατ’
1230 1326 1350 1358 εὐθεῖαν,
1375 1325 1408 1353 οὗ
1429 1325 1497 1353 κατὰ
1517 1325 1637 1361 δοτικὴν,
1663 1325 1695 1353 ἵν’
1717 1324 1735 1361 ᾗ

177 1372 241 1397 ὅταν
264 1382 299 1406 με
318 1372 427 1406 ἕρεθίσῃ
452 1373 468 1406 ἡ
487 1371 573 1406 Ἡρη,
601 1372 791 1406 ἐχθοδοπῆσαί
812 1382 848 1406 με
867 1373 988 1406 ἐφήσεις,
1016 1372 1043 1398 Β
1058 1373 1114 1398 462
1134 1372 1223 1401 οὕτως
1242 1372 1329 1406 χωρὶς
1347 1374 1396 1398 τοῦ
1416 1374 1436 1404 ι’,
1460 1371 1641 1406 ἀγαλλόμενα,
1665 1372 1735 1406 ’Δρί-

177 1426 303 1452 σταρχος,
327 1416 360 1443 ἵν’
385 1416 403 1452 ᾖ
422 1417 454 1443 τὰ
475 1417 543 1451 ἔθνη
565 1416 747 1451 ἀγαλλόμενα,
775 1417 810 1444 al.
855 1416 1031 1444 Aristonicus
1055 1415 1102 1443 ubi
1126 1419 1250 1443 versatur
1269 1416 1298 1443 in
1318 1425 1369 1444 usu
1386 1416 1537 1444 Homerico
1559 1416 1730 1452 explicando,

177 1462 295 1490 formula
314 1463 347 1490 ἵν’
368 1462 393 1498 ᾔ,
415 1462 481 1499 quid
502 1463 623 1499 postulet
644 1471 734 1490 sermo
754 1461 883 1497 vulgaris,
907 1461 1019 1497 indicat,
1044 1461 1168 1498 inprimis
1188 1461 1236 1490 ubi
1250 1463 1347 1490 statuit
1359 1462 1590 1499 praepositionem
1605 1462 1734 1490 omissam

177 1517 236 1535 esse
256 1509 282 1535 A
297 1508 370 1535 596*
391 1509 431 1535 ὅτι
450 1508 561 1535 ἐλλείπει
581 1509 598 1543 ἡ
618 1509 694 1543 παρά
714 1508 852 1542 πρόθεσις,
873 1508 906 1534 ἵν’
928 1507 947 1543 ᾖ
966 1508 1041 1542 παρὰ
1061 1508 1165 1540 παιδός,
1186 1508 1213 1534 Β
1227 1510 1280 1535 576
1302 1523 1339 1528 -
1358 1509 1563 1543 παραλέλειπται
1583 1510 1599 1543 ἡ
1617 1509 1648 1535 ἐκ
1667 1509 1734 1543 πρό-

176 1554 263 1587 θεσις,
287 1554 319 1581 ἵν’
345 1552 362 1590 ᾗ
386 1554 417 1582 ἐκ
440 1554 546 1582 τούτων
569 1556 626 1581 τῶν
647 1553 756 1581 πόλεων
784 1553 881 1581 ἑκατὸν
911 1555 987 1589 νηῶν
1014 1553 1108 1589 ἦρχεν,
1140 1553 1213 1581 conf.
1233 1554 1253 1580 Δ
1273 1554 1329 1581 244
1356 1554 1383 1581 Ζ
1394 1554 1431 1581 2*
1459 1554 1495 1581 al.
1527 1557 1555 1581 et
1580 1552 1628 1580 ubi
1655 1561 1734 1589 prae-

176 1601 342 1636 positionem
365 1604 499 1627 mutatam
523 1609 582 1627 esse
606 1601 691 1627 sumit
710 1600 738 1627 Z
750 1601 785 1627 92
806 1598 860 1636 ἐπί]
881 1601 898 1635 ἡ
919 1600 999 1635 διπλῆ
1020 1600 1059 1626 ὅτι
1080 1600 1137 1627 ἀντὶ
1156 1603 1203 1635 τῆς
1221 1601 1307 1635 παρά,
1332 1600 1365 1627 ἵν’
1387 1599 1405 1636 ᾗ
1424 1600 1500 1635 παρὰ
1521 1600 1659 1635 γούνασιν,
1686 1599 1734 1627 sed

177 1646 262 1673 etiam
286 1645 320 1673 de
346 1645 407 1673 aliis
430 1645 512 1673 rebus
536 1645 570 1672 H
580 1647 634 1672 636
655 1646 733 1680 ῥινοῦ
752 1656 780 1672 τε
799 1646 877 1680 βοῶν
895 1644 934 1682 τε]
962 1660 999 1665 --
1028 1647 1044 1680 ἢ
1068 1645 1115 1672 τὸν
1137 1655 1164 1672 τε
1184 1645 1336 1681 σύνδεσμον
1354 1645 1476 1681 περιττὸν
1496 1646 1643 1680 νομιστέον,
1663 1645 1696 1671 ἵν’
1717 1644 1736 1680 ᾖ

176 1692 254 1727 ῥινοῦ
281 1692 359 1726 βοῶν
386 1692 501 1718 τουτέστι
527 1693 583 1718 τῶν
610 1691 742 1718 ἀσπίδων.
789 1691 835 1718 Ita
861 1691 946 1718 etiam
973 1692 1002 1718 in
1028 1690 1213 1718 recentiorum
1241 1691 1353 1719 scholiis
1383 1691 1484 1726 legitur
1511 1690 1545 1717 ἵν’
1575 1688 1593 1725 ᾖ
1621 1690 1647 1717 Α
1669 1691 1732 1725 160,

175 1738 203 1765 Β
217 1738 273 1765 339
287 1740 339 1764 etc.
360 1739 388 1764 et
407 1738 435 1764 in
449 1736 597 1764 Nicanoris
621 1736 646 1764 Θ
661 1738 725 1765 106.
762 1735 819 1764 Sed
838 1736 963 1764 Nicanor
983 1737 1142 1773 saepissime
1159 1739 1217 1764 tum
1231 1736 1351 1771 exhibet,
1376 1745 1438 1765 cum
1458 1744 1529 1772 quae
1550 1735 1736 1771 distinguendi

176 1787 243 1811 nota
271 1783 367 1819 aliqua
394 1783 485 1818 posita
512 1783 639 1810 interne
668 1782 859 1818 coniungenda
887 1784 941 1809 sint
966 1782 1050 1810 verba
1075 1783 1195 1818 exponit.
1240 1781 1369 1818 Accipite
1394 1782 1520 1817 exempla
1544 1782 1569 1808 A
1588 1782 1644 1808 229
1668 1782 1736 1809 κατὰ

176 1830 290 1865 στρατὸν
313 1829 396 1864 εὐρὺν
415 1829 534 1864 Ἀχαιῶν
558 1829 626 1864 δῶρ’
653 1827 854 1865 ἀποαιρεῖσθαι]
883 1829 994 1856 δύναται
1018 1829 1048 1856 δὲ
1070 1828 1161 1864 βραχὺ
1186 1829 1385 1857 διαστέλλεσθαι
1409 1828 1453 1856 ἐπὶ
1482 1827 1512 1854 τὸ
1540 1827 1632 1863 εὐρύν,
1660 1827 1693 1855 ἵν’
1718 1826 1737 1863 ᾖ

171 1876 285 1911 Αχαιῶν
306 1875 375 1910 δῶρ’
399 1875 601 1910 ἀποαιρεῖσθαι,
627 1875 653 1901 Α
673 1876 728 1901 558
752 1877 784 1909 τῇ
804 1874 883 1901 σ’δΐω
904 1876 1065 1901 κατανεῦσαι
1084 1875 1216 1910 ἐτήτυμον
1237 1875 1277 1905 ὡς
1292 1874 1403 1910 Ἂχιλῆα
1423 1871 1547 1909 τιμήσῃς]
1568 1873 1738 1901 διασταλτέον

175 1921 218 1948 ἐπὶ
237 1921 268 1948 τὸ
288 1912 421 1956 ἐτήτυμον
441 1920 474 1947 ἵν’
496 1919 515 1955 ᾖ
537 1920 639 1955 ἀληθὲς
658 1921 888 1952 κατανενευκέναι,
909 1921 971 1947 sim.
991 1921 1017 1947 A
1032 1922 1067 1947 88
1084 1920 1158 1947 144*
1177 1922 1231 1947 153
1252 1921 1371 1956 saepius.

314 1967 379 1993 ἔστι
406 1967 466 2000 γάρ
495 1965 617 1992 formula
642 1964 817 1992 Aristonicus
846 1965 943 1992 eodem
973 1974 1066 1999 sensu,
1099 1974 1153 2001 quo
1177 1965 1211 1992 ἵν’
1236 1964 1254 2000 ᾔ
1282 1966 1380 1998 utitur,
1407 1973 1525 1999 namque
1549 1967 1580 1991 ut
1603 1964 1739 1999 significet

181 2012 284 2039 πεδίοιο
305 2011 379 2039 idem
400 2020 457 2039 esse
479 2020 511 2039 ac
533 2011 576 2038 διὰ
596 2011 700 2038 πεδίοιο
721 2010 789 2038 dicit
810 2011 835 2037 Z
847 2012 864 2037 2
885 2011 923 2037 ὅτι
943 2011 1053 2038 ἐλλείπει
1073 2011 1089 2046 ἡ
1111 2011 1162 2043 διά,
1182 2010 1215 2037 ἵν’
1238 2009 1255 2045 ᾖ
1276 2010 1320 2037 διὰ
1333 2009 1428 2036 πεδίου
1449 2013 1477 2036 et
1496 2009 1524 2036 E
1536 2010 1590 2036 222
1607 2010 1647 2036 ὅτι
1659 2010 1738 2037 ἐλλεί-

181 2069 224 2084 πει
252 2059 268 2092 ἡ
297 2058 352 2090 διά,
383 2058 426 2084 διὰ
454 2058 549 2084 πεδίου
578 2058 637 2091 γάρ.
678 2056 801 2085 Verbum
823 2056 896 2092 quod
917 2056 969 2083 hoc
990 2057 1051 2083 loco
1074 2056 1158 2083 facile
1179 2055 1360 2090 intellegitur,
1389 2056 1510 2082 invenies
1530 2056 1555 2082 A
1570 2056 1645 2082 429*
1665 2056 1738 2091 χωό-
